2918 4942
839 408 858 465 6

734 599 962 670 Imperfectum.

343 780 407 842 Hoc
433 784 546 853 tempus
574 780 604 838 in
635 779 735 851 elegiis
762 778 893 838 omuibus
913 794 1006 854 paene
1026 777 1097 837 locis
1118 775 1238 835 eandem
1261 775 1319 835 sim
1338 777 1410 845 atquc

258 885 288 944 in
316 898 404 959 prosa
432 882 563 943 oratione
595 880 717 956 praebet
748 897 821 956 eam,
855 888 889 942 ut
924 888 976 941 aut
1008 878 1183 939 consuetudo
1216 883 1269 937 aut
1298 877 1409 936 actiones

258 985 417 1060 complures
447 983 550 1045 eodem
579 988 709 1056 tempore
741 982 873 1044 accidere
906 980 1093 1056 significetur.
1125 981 1192 1055 Ipso
1212 982 1242 1040 in
1268 996 1356 1042 versu
1371 977 1413 1052 li,
1443 974 1446 980 '

261 1088 309 1162 10,
333 1088 383 1162 83,
415 1085 465 1146 ubi
497 1083 727 1157 conjunctionem
752 1080 868 1162 „dum“‚
888 1087 973 1146 aliter
1007 1090 1095 1156 etque
1125 1085 1156 1144 in
1176 1100 1263 1158 prosa
1284 1083 1417 1156 oratione,
1445 1091 1448 1101 ”

258 1186 458 1263 imperfectum
481 1187 620 1264 sequitur,
641 1188 772 1249 consulto
793 1194 880 1262 poete
899 1190 941 1248 ita
959 1187 1072 1248 videtur
1089 1188 1286 1263 scripsisse-
1301 1185 1336 1246 id
1352 1183 1435 1264 quod

259 1307 295 1351 ex
330 1307 383 1352 usu
416 1289 496 1351 verbi
527 1290 654 1350 iteretivi
681 1289 815 1364 pulsandi
845 1307 898 1365 pro
930 1291 1051 1364 simplici
1071 1291 1196 1364 pellendi
1216 1290 1313 1350 clucet
1336 1321 1375 1333 -
1395 1293 1424 1348 nt

259 1392 466 1468 repetitionem
488 1391 610 1451 actionis
632 1392 795 1451 accuratius
816 1393 1004 1452 describeret:

431 1493 583 1570 „Dumque
604 1493 679 1554 aries
700 1509 812 1552 murum
834 1511 923 1556 eomu
942 1493 1096 1569 pulsabat
1117 1494 1208 1554 aheno
1227 1521 1262 1531 -

431 1593 598 1656 ..Cossus
620 1596 662 1655 ait
684 1637 721 1653 ..

343 1697 428 1758 Vices
460 1693 623 1770 imperfecti
656 1702 686 1756 et
717 1694 838 1770 perfecti
871 1713 934 1756 eam
956 1697 992 1757 ob
1013 1712 1127 1757 causam
1148 1697 1292 1756 mentione
1317 1697 1430 1772 dignes,

263 1800 339 1872 quod
372 1801 464 1874 primo
489 1799 602 1860 obtuitu
622 1799 756 1860 ridentur
778 1798 815 1858 sd
838 1815 924 1858 uuum
945 1805 1032 1872 atquc
1052 1798 1128 1858 idem
1150 1805 1261 1873 tempus
1281 1803 1432 1873 pertinere

260 1917 307 1961 res
334 1907 419 1962 actne
441 1899 577 1962 exhibent
597 1916 686 1961 verse.
707 1900 860 1960 monobibl.
885 1904 912 1974 3,
926 1904 961 1959 21
987 1917 1066 1973 seqq.
1090 1894 1171 1975 (ibid.
1195 1905 1231 1958 41
1256 1897 1337 1975 sqq.)

448 2001 506 2077 „Et
526 2001 611 2060 modo
633 2001 797 2062 solvebam
819 2008 917 2062 nostre
937 2002 972 2062 de
994 2001 1087 2062 fronte
1109 2003 1231 2062 corollas

444 2102 648 2176 Ponebnmque
672 2104 739 2178 tuis,
762 2103 894 2179 Cynthia,
916 2105 1100 2181 temporibus,

444 2206 484 2266 Et
504 2206 589 2266 modo
609 2206 793 2279 gaudebam
814 2207 909 2280 lapsos
931 2205 1054 2266 formare
1076 2207 1203 2281 capillos,

443 2307 527 2368 Nunc
547 2308 654 2369 furtiua
675 2310 752 2369 cavis
773 2325 860 2383 poma
881 2309 1009 2368 dabam
1031 2309 1170 2382 manibus,
1238 2325 1241 2330 ·

447 2409 605 2482 Omniaque
625 2411 739 2484 ingrato
761 2411 920 2484 largibar
940 2427 1059 2470 munera
1080 2427 1178 2470 somno

447 2613 486 2673 Et
507 2613 638 2686 quotiens
659 2629 726 2674 raro
748 2613 851 2674 duxti
869 2615 991 2689 suspiria
1013 2620 1101 2688 motu,

445 2714 599 2789 Obstupui
619 2732 693 2777 vano
714 2715 845 2776 credulus
866 2719 993 2790 auspicio
1017 2761 1023 2774 .
1046 2761 1053 2776 .
1077 2761 1084 2774 .

345 2817 482 2878 Videmus
510 2817 612 2878 iudea
633 2835 718 2879 versu
739 2822 776 2878 21
801 2820 948 2891 usquead
970 2837 996 2879 v.
1022 2821 1061 2880 25
1082 2825 1194 2892 tempus
1216 2816 1434 2897 imperfectum,

264 2926 324 2980 tum
345 2920 440 2981 subito
461 2921 491 2980 in
512 2938 538 2980 v.
562 2923 601 2980 27
625 2927 655 2982 st
673 2924 712 2981 26
735 2920 894 2996 perfectum
912 2924 1051 2996 usurpari.
1073 2922 1243 2981 Accusatius
1262 2927 1435 2993 spectantes

260 3038 297 3084 ue
317 3021 364 3083 hic
384 3022 500 3101 quidem
516 3023 622 3084 abusu
640 3025 779 3085 orationis
793 3024 935 3099 pedestris
953 3026 1072 3085 cessisse
1085 3030 1202 3098 poetam
1217 3022 1433 3096 intellegemus.

347 3125 516 3186 lotionibus
537 3127 622 3203 enim,
657 3143 731 3200 quae
751 3133 951 3202 permanentes
971 3125 1115 3200 finguntur
1134 3128 1213 3186 velut
1233 3125 1365 3186 solvendi
1373 3131 1435 3201 ,vel

263 3225 351 3285 dundi
373 3233 404 3288 et
425 3228 514 3287 animi
536 3228 681 3289 adecdoni
701 3229 845 3302 gaudendi
866 3244 913 3287 res
934 3233 1115 3302 opponuntur
1136 3244 1220 3303 quae,
1247 3231 1378 3300 quamvis
1401 3239 1434 3292 et

261 3329 341 3402 ipsse
368 3335 546 3407 repetantur,
572 3333 695 3405 speciem
726 3331 822 3392 subito
843 3330 969 3390 intrandi
989 3328 1111 3405 perlecti
1130 3332 1219 3405 ipsius
1239 3334 1432 3405 usurpatione

260 3446 331 3504 pree
352 3447 383 3492 se
404 3430 508 3494 imunt.

690 3597 993 3605 ——au

745 3812 932 3868 Perfectum.

344 3986 507 4048 Perfectum
539 3994 570 4049 et
600 3989 724 4049 maxime
753 3990 912 4064 perlectum
933 3991 1011 4064 quod
1031 3991 1198 4051 histmicum
1217 3997 1337 4052 vocatur
1358 4012 1429 4058 raro

260 4090 291 4149 in
323 4090 496 4152 carminibus
530 4092 646 4152 eroticis
677 4092 735 4165 legi
767 4111 821 4168 per
841 4112 873 4155 se
894 4097 989 4170 ipsum
1009 4094 1199 4167 intellegitur3
1221 4111 1313 4167 eoque
1329 4102 1428 4160 mrius

259 4190 337 4265 apud
364 4191 546 4267 Propertium
578 4191 739 4268 exhibetur,
770 4197 848 4268 quod
878 4214 943 4258 enm
975 4197 1034 4255 alia
1065 4212 1178 4269 quoque
1210 4204 1344 4272 tempore
1370 4218 1428 4275 pro

259 4288 389 4371 perfecte
421 4311 561 4373 usurpare
592 4293 729 4356 udonus
764 4300 862 4373 Atque
891 4299 1058 4360 historicm
1087 4299 1245 4374 perfectum
1269 4317 1334 4360 cum
1354 4304 1428 4366 niln'l
