2918 4942
544 1466 581 1547 B.
609 1465 743 1548 llodi.

308 1669 344 1736 a)
362 1665 446 1724 hiodi
464 1667 495 1721 in
515 1665 781 1722 enuntiationibus
801 1664 973 1737 primariis.

246 1818 275 1873 1.
297 1814 327 1872 iu
347 1815 503 1874 enuntiatis
525 1813 627 1884 quibus
649 1814 769 1888 simplex
792 1815 870 1873 inest
889 1813 1033 1872 indicium.

133 1955 218 2016 Sicut
238 1955 330 2014 ceteri
350 1956 516 2028 scriptores,
543 1954 585 2012 ita
606 1952 784 2028 Propertius,
815 1973 880 2014 cum
904 1956 965 2013 sine
987 1959 1050 2012 erte
1072 1953 1225 2026 eloquitur,

56 2057 214 2116 indicativo
241 2056 326 2116 modo
356 2057 456 2115 utitur.
481 2054 672 2114 Nihilominus
702 2063 798 2115 eutem
831 2059 856 2115 si
884 2073 1004 2128 maguus
1034 2056 1228 2129 exemplorum

56 2175 187 2218 uumerus
215 2162 322 2231 exstat,
351 2160 381 2217 in
403 2156 505 2230 quibus
525 2157 723 2216 coniunctivae
748 2159 908 2233 exhibetur,
930 2158 960 2217 id
982 2159 1054 2217 mori
1075 2163 1228 2231 poetarum

56 2259 167 2320 ridetur
177 2257 362 2318 tribuendum
377 2274 449 2331 esse,
460 2273 581 2331 quorum
593 2259 708 2330 saepius
720 2260 850 2332 interest,
863 2266 895 2318 ut
906 2258 1104 2319 artificiosiore
1114 2258 1229 2316 dicendi

56 2377 159 2434 genere
170 2365 301 2434 utantur,
318 2361 399 2419 cuins
412 2360 533 2420 mollitie
548 2376 582 2418 ac
597 2359 748 2419 dulcedine
761 2360 938 2421 audientium
951 2363 1060 2419 animos
1074 2360 1228 2434 delectent,

58 2463 179 2522 maxime
193 2467 292 2521 antem
305 2461 451 2535 Propertii
464 2462 613 2534 proprium
630 2468 683 2535 est,
700 2463 748 2534 qui
764 2479 874 2522 summa
894 2478 1024 2536 quaeque
1041 2461 1078 2520 ab
1097 2467 1228 2520 amatore

58 2565 233 2637 dtempora
262 2569 368 2636 cogent
397 2562 472 2623 effici
494 2579 580 2637 posse
601 2565 715 2637 saepius
737 2567 918 2626 coniunctivo
941 2562 1084 2638 significet
1105 2579 1169 2622 eam
1192 2562 1229 2622 ob

58 2680 182 2738 eausam,
205 2663 283 2736 quod
304 2666 444 2723 incertum
468 2672 512 2723 est
534 2681 601 2724 num
619 2681 721 2725 revera
740 2667 870 2726 omnibns
885 2664 1102 2726 difficultatibus
1119 2681 1174 2738 par
1192 2665 1232 2724 sit

58 2772 182 2825 tutator:
205 2765 284 2824 velut
301 2765 355 2841 ΠΙ,
377 2768 424 2841 15,
443 2768 499 2825 46:
523 2769 581 2836 ,Tc
600 2771 692 2826 solem
712 2777 738 2826 et
756 2769 841 2844 lippis
850 2769 973 2840 funeris
987 2777 1066 2825 ustus
1086 2764 1226 2824 amem.“

57 2866 107 2942 III,
131 2869 182 2941 17,
208 2868 262 2925 16:
291 2864 372 2945 (Ipse
401 2887 497 2926 seram
526 2869 596 2927 cites
614 2888 800 2946 puppemque
822 2890 859 2928 ex
880 2870 981 2928 ordine
1008 2861 1107 2943 colles)
1134 2867 1232 2937 „Quos
1256 2925 1260 2932 ,

60 2977 223 3046 carpant
247 2970 344 3027 nolae
365 2987 409 3026 me
423 2968 559 3044 vipicano
573 2966 695 3040 ferae“.
718 2969 772 3053 ΠΙ,
799 2973 848 3045 19,
872 2971 906 3029 5:
933 2971 1089 3044 ,Flamma
1106 2987 1165 3046 per
1188 2969 1232 3026 irc-

59 3089 159 3130 eeacac
186 3069 268 3128 citius
296 3070 438 3128 sedetur
465 3070 574 3127 arietem
596 3069 792 3146 Fluminaque
813 3073 856 3129 ad
876 3072 1073 3143 sentierint
1102 3069 1234 3126 reditura

60 3179 167 3249 caput.
188 3213 195 3230 .
220 3170 317 3237 Quem
335 3171 460 3245 poscit
478 3180 587 3230 vestroe
604 3171 753 3248 quisquam
767 3175 945 3249 reprendere
959 3192 1071 3233 currus.
1094 3170 1231 3229 Similiter

45 3269 172 3332 ‘etiamsi
192 3271 243 3330 illa
256 3287 313 3330 uon
336 3275 430 3330 exstet
442 3286 538 3344 causa
561 3273 712 3344 permultis
730 3274 760 3332 iu
777 3274 905 3333 versibus
923 3279 1039 3347 poetam
1056 3271 1167 3331 leniore
1186 3271 1228 3330 di·

61 3374 145 3433 cendi
174 3371 270 3433 forma
291 3388 373 3432 usum
394 3389 457 3432 esse
477 3371 622 3432 videmus:

101 3475 160 3534 mh.
184 3477 215 3550 9,
231 3476 267 3533 b:
289 3473 357 3534 Nou
377 3490 423 3534 me
443 3473 588 3534 Chaoniae
609 3475 749 3534 vincant
768 3477 798 3533 iu
821 3490 919 3533 amore
938 3473 1097 3533 columbae.

99 3577 157 3638 mb.
183 3579 231 3649 10,
255 3578 314 3635 28:
337 3619 344 3632 .
368 3620 375 3635 .
398 3576 461 3636 Hoc
484 3577 575 3650 magis
597 3575 699 3636 effecto
722 3592 809 3650 saepe
831 3574 950 3635 fruare
970 3575 1052 3635 boro.

99 3679 158 3738 mb.
183 3681 233 3754 14,
249 3680 286 3736 7:
304 3721 310 3736 .
331 3721 338 3736 .
356 3676 422 3739 Non
443 3683 540 3738 tamen
563 3680 621 3738 ista
641 3695 705 3738 meo
723 3679 869 3738 valeant
887 3677 1061 3738 condentere
1083 3679 1188 3737 amori:
1208 3723 1234 3738 ..

74 3795 77 3797 ’
101 3781 161 3841 mb.
187 3779 308 3854 18,14;
336 3825 342 3840 .
366 3824 372 3840 .
395 3779 460 3839 Nou
481 3781 523 3839 ita
544 3795 634 3842 saeva
655 3786 751 3840 tamen
773 3781 913 3839 venerit
933 3776 1063 3838 ira'mee
1085 3824 1091 3836 .
1115 3822 1122 3836 .

100 3883 140 3955 Π,
164 3883 215 3954 13,
229 3880 264 3939 8:
285 3921 292 3937 .
316 3920 323 3936 ·
347 3879 428 3943 Tunc
450 3897 503 3954 ego
525 3883 594 3941 sim
615 3882 733 3942 Inachio
755 3883 852 3941 notio'r
874 3886 937 3940 arte
960 3880 1043 3940 Lino.

96 3984 143 4060 11,
166 3983 216 4057 14,
240 3983 296 4041 32:
321 4026 327 4040 .
352 4026 359 4040 .
381 3983 560 4043 Vestibulum
581 3985 726 4043 iaceam
748 3989 876 4044 mortuus
899 3988 967 4042 ante
988 3988 1078 4041 tuum.

96 4085 139 4161 Π,
163 4080 230 4160 24¹³,
249 4083 306 4142 25:
334 4084 365 4144 Si
385 4085 498 4144 libitum
526 4086 580 4145 tibi
602 4087 674 4161 erit,
701 4086 848 4146 Lernaeas
877 4090 987 4159 pugnet
1016 4082 1054 4142 ed
1086 4080 1192 4155 hydras
1207 4123 1237 4139 ..

335 4183 441 4245 ierat
466 4231 471 4242 .
497 4234 502 4245 .
527 4186 652 4246 ebibat
703 4232 709 4245 .
734 4186 916 4260 deneget.
941 4229 947 4243 .

82 4288 138 4365 111,
164 4288 195 4362 5,
213 4288 271 4347 25:
294 4287 367 4345 Tum
388 4287 458 4346 mihi
480 4295 601 4347 naturae
623 4288 931 4363 libeatperdiscere
949 4301 1052 4345 mores.

1003 4382 1040 4446 ²*
1269 4354 1380 4632 l
