2918 4942
700 453 738 510 '21

174 641 278 699 Vestra
299 653 379 696 meos
400 636 468 695 olim
490 637 516 696 si
537 635 633 695 fistula
655 635 761 694 dicat
781 637 910 694 amores!

210 741 318 812 Itaque
338 737 415 811 qnod
435 739 518 798 licuit
538 738 663 812 Maroni,
684 754 736 797 cur
756 754 813 798 non
835 737 922 798 Sexto
944 737 1058 796 licuisse
1080 736 1110 795 id
1136 737 1245 811 putes?

386 1164 413 1222 2.
434 1164 465 1223 15
486 1162 644 1222 enuntiatis
668 1163 770 1234 quibus
792 1161 942 1236 imperium
963 1162 1048 1223 inest.

210 1319 268 1378 Hie
290 1334 406 1391 quoque
434 1326 532 1379 noster
560 1320 805 1380 consuetudinem
823 1322 938 1394 linguae
966 1321 1009 1380 ita
1038 1319 1175 1392 seqnitur,
1206 1321 1248 1389 nt,
1278 1316 1304 1374 si

133 1423 219 1482 lenius
228 1423 402 1495 imperatur,
413 1427 464 1480 aut
474 1423 566 1481 solum
577 1423 787 1481 coniunctivum
801 1429 934 1497 usurpet:
948 1423 1005 1482 mb.
1019 1423 1043 1496 Ι,
1057 1425 1113 1482 32;
1127 1413 1299 1495 (remanete)

134 1525 197 1584 »tiss
225 1533 255 1583 ct
284 1523 316 1582 in
345 1531 403 1582 1510
432 1542 546 1600 semper
575 1545 673 1583 acrore
700 1518 808 1601 parss“
835 1571 841 1585 .
865 1565 872 1580 .
896 1527 955 1584 35.-
981 1526 1064 1600 ,Hoc
1085 1543 1192 1592 moneo,
1216 1520 1304 1578 vitate

134 1629 249 1698 malam,
270 1644 327 1682 aaa
347 1644 482 1702 quemque
503 1636 670 1684 moretur
694 1625 774 1686 Cura
798 1670 804 1684 .
825 1622 865 1702 .“,
887 1632 938 1686 ant
959 1626 1156 1685 coniunctivae
1177 1620 1304 1696 pendeat

134 1744 166 1789 ex
188 1725 371 1801 imperativis
396 1721 477 1801 „fac“
502 1727 547 1786 vel
571 1721 695 1803 ,iacite“
720 1726 776 1786 mb.
805 1733 830 1801 1,
850 1729 906 1786 22:
930 1769 937 1784 .
961 1771 968 1786 .
984 1727 1079 1799 facite
1101 1727 1153 1783 illc
1169 1726 1302 1800 palleat3

132 1831 177 1892 lv.
200 1831 231 1906 5,
256 1833 314 1889 34:
341 1828 412 1903 ,fac
433 1830 546 1887 simules
571 1834 619 1904 11,
643 1831 695 1888 68:
716 1831 776 1901 fac
802 1840 912 1902 tenecs3
940 1845 1004 1889 cum
1032 1832 1157 1900 vetatur,
1188 1841 1224 1884 ex
1249 1825 1303 1882 im·

133 1931 261 2006 pontivo
286 1923 393 2005 „cave“
418 1929 476 1989 mh,
500 1933 528 1989 7.
551 1932 610 1990 25:
633 1953 702 1991 cave
724 1941 897 1991 contemnas.
919 1935 969 2006 10,
989 1935 1043 2003 213
1063 1929 1102 2004 II,
1123 1930 1160 1986 13
1179 1931 1233 1998 41;
1251 1926 1302 2000 IV,

134 2035 159 2108 8,
177 2034 228 2092 77.
252 2032 412 2091 Praeterea
433 2032 505 2091 haee
526 2033 643 2092 vetandi
664 2031 757 2093 forma
778 2035 939 2093 invenitur:
966 2051 1072 2110 „parce
1093 2022 1223 2088 movere“
1244 2028 1301 2087 mb.

136 2128 179 2210 is,
197 2136 250 2192 26.
272 2131 443 2192 Firmissimi
465 2148 579 2205 quoque
601 2134 764 2207 imperativi
785 2135 908 2207 generis,
938 2134 1014 2205 quod
1035 2129 1132 2191 futuro
1153 2129 1302 2190 indicativi

133 2235 202 2296 00151
223 2234 357 2309 exprimi,
385 2235 515 2308 exempla
536 2240 651 2294 exstare
672 2237 729 2294 iam
752 2250 839 2307 snpra
862 2232 988 2293 futurum
1009 2240 1122 2307 tempus
1143 2236 1303 2290 tractantes

133 2337 252 2398 uelimus
275 2331 317 2409 (5.
343 2330 404 2406 16).

215 2458 313 2529 Atque
334 2455 480 2527 hucusque
501 2459 591 2527 poeta
612 2455 660 2514 vix
681 2471 699 2513 a
721 2454 926 2515 consuetudine
944 2453 1057 2514 videtur
1075 2453 1212 2522 cessisse3
1234 2465 1300 2524 per-

135 2560 261 2619 venimus
283 2559 341 2616 iarn
363 2555 402 2616 ad
424 2557 573 2629 proprium
594 2556 757 2630 imperativi
777 2573 859 2616 nsum
881 2557 1109 2630 Propertianum.
1133 2553 1203 2612 Cum
1225 2551 1302 2612 hand

137 2661 237 2719 515551
275 2658 323 2733 sit,
352 2658 509 2731 simplicem
537 2658 699 2731 imperativi
730 2657 850 2718 formam
877 2658 1042 2733 saepissime
1069 2656 1147 2730 apud
1173 2659 1302 2716 nostrum
1350 2735 1352 2740 Ι

135 2767 233 2836 utpote
253 2765 379 2833 poetam
401 2760 451 2830 qui
473 2758 644 2819 brevitatem
662 2759 773 2835 diligat,
790 2761 921 2833 inveniri,
940 2760 1064 2818 alienum
1080 2758 1204 2835 videtur,
1224 2760 1301 2832 quod

136 2862 248 2936 saepius
264 2858 373 2919 firmior
388 2860 574 2935 imperativus
591 2861 621 2919 in
637 2888 674 2901 ·-
687 2866 719 2921 to
736 2861 842 2920 cadens
864 2861 1024 2937 exhibetur,
1047 2863 1096 2934 qui
1117 2878 1135 2921 a
1155 2862 1300 2935 plerisque

136 2980 189 3024 non
218 2964 274 3022 nisi
295 2963 423 3036 graviter
443 2963 517 3022 solet
539 2964 679 3035 usurpari.
702 2962 748 3020 Ea
770 2960 862 3022 forma
883 2963 960 3037 apud
983 2964 1166 3039 Propertium
1188 2969 1299 3024 exstat:

173 3065 214 3140 11,
236 3067 283 3139 13,
301 3066 342 3123 40
363 3069 540 3124 5555510
560 3104 566 3121 .
584 3109 590 3121 .
609 3057 1114 3142 ,1100115551155115555555511
1126 3060 1297 3127 memores.“

173 3167 213 3241 H,
239 3168 287 3240 18,
305 3168 338 3224 3:
361 3165 393 3225 si
421 3165 491 3243 quid
521 3165 627 3241 vidisti,
659 3182 771 3241 semper
798 3167 903 3228 vidisse
931 3174 1082 3242 negato:
1105 3169 1209 3227 Antei
1231 3168 1301 3241 qnid

238 3266 330 3328 doluit
350 3265 436 3343 forte,
457 3268 554 3329 dolere
576 3284 680 3341 nega.

239 3371 289 3446 22,
308 3371 369 3428 43:
396 3371 473 3445 ,Aut
494 3372 519 3428 si
541 3386 571 3429 es
593 3369 675 3444 dura,
697 3386 800 3447 nega,
819 3373 862 3431 sin
884 3387 915 3431 es
937 3388 994 3431 non
1017 3371 1099 3447 dura,
1120 3371 1257 3431 venito.

239 3473 289 3547 25,
307 3474 361 3532 335
385 3472 518 3544 Quamvis
538 3478 568 3532 15
588 3489 729 3547 persaepe
750 3479 844 3548 vocet,
866 3475 954 3535 semel
975 3475 1020 3534 vie
1041 3479 1195 3546 negato.

172 3575 225 3634 lV.
249 3576 278 3651 5,
302 3577 356 3634 53:
382 3574 510 3649 ,Aurum
531 3581 713 3650 spectato,
733 3591 790 3635 505
813 3591 886 3648 quae
907 3592 1008 3634 manus
1030 3574 1146 3637 adferat
1166 3570 1295 3636 aurum.“

219 3695 298 3767 Quas
311 3692 405 3754 forma
416 3695 466 3755 ubi
478 3697 679 3770 simpliciorem
699 3698 745 3757 vol
762 3696 1299 3768 555155551550155555555551-

134 3803 187 3874 tm,
210 3798 289 3856 velut
305 3797 342 3869 II,
363 3799 411 3872 13,
429 3792 523 3866 39149
548 3805 577 3858 51
596 3798 634 3874 ΙΙ,
656 3800 705 3873 18,
726 3802 754 3874 3,
774 3800 882 3873 optime
903 3801 979 3858 inter
995 3805 1152 3872 praecepta
1168 3800 1199 3857 in
1216 3813 1300 3857 omne

133 3905 245 3974 tempus
266 3895 394 3958 futurum
416 3904 446 3958 et
466 3902 554 3960 semel
574 3901 715 3961 servanda
735 3900 768 3960 fit
784 3901 953 3972 discrimem
972 3901 1003 3958 in
1020 3915 1107 3959 verse.
1130 3900 1168 3975 11,
1187 3902 1237 3976 25,
1259 3902 1299 3960 33

133 4008 159 4062 51
178 4001 233 4077 IV,
256 4002 286 4076 5,
310 4002 348 4060 53
371 4002 450 4075 15555
472 4003 517 4062 vel
537 4009 695 4077 praecepta
717 4003 839 4074 dantnr;
869 4004 930 4064 solo
951 4005 981 4061 in
1003 4017 1087 4061 versu
1107 4001 1160 4076 111,
1186 4005 1233 4074 13,
1259 4004 1298 4064 45

132 4111 218 4180 poeta
247 4103 322 4163 lianc
347 4102 468 4163 formam
498 4107 583 4179 plane
614 4121 677 4165 cnm
699 4108 846 4166 voluntate
868 4105 1051 4179 simplicioris
1072 4104 1147 4162 illins
1168 4112 1298 4181 usurpat.

213 4225 418 4283 Praeterea-et
438 4226 467 4283 in
489 4225 543 4285 hac
564 4241 596 4283 re
617 4224 718 4285 eodem
739 4225 866 4300 lieentia,
889 4240 945 4296 qua
967 4225 1065 4298 ceteri,
1096 4229 1186 4297 poeta
1208 4228 1298 4287 utitur

130 4327 207 4388 velut
238 4324 333 4387 Plant.
366 4326 446 4386 Asin.
471 4327 529 4387 145
559 4334 657 4406 specta
683 4330 779 4387 modo:
807 4327 894 4400 Verg.
925 4325 1134 4401 (1555555515
1167 4328 1299 4411 impendo

1336 4430 1437 4632 Ι
