2894 5114
591 398 631 469 11·

107 589 271 668 Sequantur
291 593 348 652 iam
369 593 390 651 ii
411 594 478 668 loci,
501 595 604 667 quibus
626 602 738 669 tempus
757 594 894 672 futurum,
915 613 970 669 quo
989 598 1091 655 nititur
1111 597 1193 667 quasi

13 689 148 751 futurum
171 698 312 768 exactum,
343 693 440 766 aliquo
462 695 519 755 alio
540 695 626 756 modo
649 698 828 772 exprimitur,
850 699 909 757 sive
931 700 1111 757 coniunctivo
1133 700 1194 757 sive

12 796 169 868 praesenti
179 796 242 854 loco
254 792 341 853 futuri
352 803 501 872 usurpato,
513 805 546 857 11
555 798 663 871 aliquid
672 805 751 858 certo
760 806 928 859 eventurum
936 814 998 857 esse
1007 797 1190 870 significetur.

61 897 121 956 mb.
144 899 191 971 19,
209 899 262 956 15:
280 896 698 966 ,Η11111111111111111111
713 900 791 975 mihi,
806 900 938 977 Cynthia,
956 898 1051 959 forma
1063 902 1190 975 (iratior,

128 1004 158 1056 11
178 998 275 1058 Pellus
297 999 352 1059 hoc
373 1001 415 1059 ita
435 1001 513 1060 iusta
533 995 669 1060 siuat“.

106 1101 243 1159 Similiter
264 1101 316 1160 hos
338 1118 436 1161 versus
458 1103 597 1175 explicari
618 1103 713 1178 velim,
736 1100 840 1179 quibus
862 1117 999 1174 praesens
1021 1102 1091 1162 illud
1113 1103 1193 1162 exhi*

10 1201 117 1276 betur,
140 1201 295 1274 quodiam
317 1219 405 1277 snpra
426 1220 480 1277 pro
502 1201 599 1264 futuro
622 1221 684 1264 esse
706 1203 837 1278 vidimus,
867 1204 891 1261 si
914 1204 1022 1276 aliquid
1039 1222 1092 1278 pro
1115 1212 1194 1265 certo

10 1303 216 1379 praedicitur:

63 1405 126 1464 mb.
150 1407 200 1478 8b,
220 1408 277 1463 44:
304 1403 387 1478 „Sive
409 1405 544 1465 diessen
564 1422 621 1466 nox
643 1407 801 1480 venerit,
822 1407 872 1465 illa
893 1420 957 1464 mea
979 1404 1065 1465 est“.

61 1505 116 1580 IV,
140 1507 243 1580 8,13;
272 1504 320 1573 „Si
341 1504 494 1564 fuerint
515 1513 622 1582 castae,
644 1507 808 1568 redeunt
830 1551 836 1564 .
860 1554 867 1567 .
889 1505 903 1534 ¹⁶

109 1606 232 1664 Prorsus
246 1608 392 1679 praesenti
414 1608 516 1666 nititur
537 1605 664 1667 futurum
684 1614 815 1668 exactum
831 1609 860 1666 in
875 1625 901 1666 v.
921 1606 971 1680 IV,
994 1609 1034 1680 ib,
1061 1611 1129 1680 105,
1148 1609 1197 1678 qui

10 1724 124 1768 versus
145 1708 259 1766 omnino
281 1709 395 1767 excellit
423 1710 555 1769 licentia:
588 1705 680 1782 (1032
709 1711 789 1779 „Hoc
809 1727 899 1784 neque
920 1728 1073 1765 arenosum
1096 1689 1199 1783 Libyci

10 1809 110 1868 Jovis
128 1809 254 1885 explicat
269 1807 419 1879 antrum“)
439 1852 446 1866 .
468 1855 475 1870 .
497 1813 572 1870 105:
588 1811 646 1868 Aut
662 1813 688 1868 si
705 1812 767 1887 quis
780 1819 872 1868 motas
890 1809 1012 1867 cornicis
1031 1811 1198 1867 senserit

10 1909 122 1971 alar&
146 1910 204 1970 Sed
225 1911 272 1970 hio
295 1927 418 1987 quoque,
440 1915 466 1971 si
488 1919 594 1987 poetae
617 1914 763 1972 licentiam
784 1914 879 1971 animo
897 1912 1051 1984 sequimur,
1073 1910 1199 1969 futurum

10 2015 101 2073 inter
124 2010 282 2085 ,explicam
309 2018 339 2071 11
366 2012 522 2084 ,11111111“
549 2013 738 2087 supplendum
767 2013 880 2073 videtur
908 2013 1000 2072 velut:
1033 2005 1098 2085 (aut
1122 2009 1198 2084 quis)

10 2115 107 2188 sciet,
130 2107 168 2186 (si
189 2108 332 2185 senserit).
1086 2175 1089 2186 ,

112 2212 267 2272 Videamus
295 2232 379 2290 nnnc,
413 2232 470 2288 quo
497 2218 560 2277 inre
590 2217 708 2288 singulis
739 2216 769 2272 in
794 2213 923 2274 versibus
952 2219 1051 2272 noster
1072 2212 1199 2272 futurum

10 2321 162 2378 exactum
183 2318 373 2389 usurpaverit.
396 2316 505 2377 Prosae
528 2319 666 2377 orationis
689 2332 753 2374 eum
777 2331 894 2389 morem,
928 2321 960 2373 ut
990 2315 1061 2372 illud
1087 2321 1199 2388 tempus

12 2423 78 2478 aut
100 2415 198 2476 futuro
220 2427 271 2477 aut
291 2417 421 2492 perfecto
443 2422 526 2492 quasi
547 2422 667 2493 nitatur,
691 2413 860 2491 Propertius
892 2433 950 2475 uno
981 2423 1092 2475 tautum
1124 2418 1198 2491 loco,

10 2520 78 2594 IV,
103 2516 150 2593 lb,
171 2521 229 2578 105
245 2521 331 2592 plane
345 2522 487 2592 neglexit;
509 2523 613 2581 ceteris
629 2521 700 2579 locis
718 2525 770 2578 aut
784 2518 911 2578 futurum
925 2524 976 2576 aut
993 2518 1071 2577 atiud
1084 2525 1197 2592 tempus
1309 2510 1313 2515 ’

11 2637 93 2680 cum
124 2621 242 2679 notione
270 2620 359 2680 futuri
389 2623 549 2681 exhibetur.
584 2624 695 2682 Tamen
722 2638 822 2680 amore
843 2621 968 2693 quodam
989 2627 1120 2693 tempora
1143 2620 1201 2679 dis·

10 2721 155 2797 ponendi
176 2728 348 2781 commotum
372 2740 435 2783 essa
456 2730 595 2798 nostrum,
617 2733 650 2783 ut
674 2724 815 2782 nonnullis
834 2724 904 2782 locis
924 2720 1051 2780 futurum
1070 2728 1202 2781 exactum

13 2824 94 2883 loco
115 2820 205 2882 futuri
226 2826 363 2898 simplicis
386 2832 539 2898 usurparet
559 2824 644 2885 facile
666 2825 851 2896 intellegitur.
875 2825 916 2884 Ut
937 2825 1012 2884 enim
1036 2825 1201 2883 omittamus

17 2942 66 2984 ea
89 2922 188 2984 futura
209 2933 321 3001 exacta,
344 2943 419 3004 quac
441 2935 507 2986 sunt
528 2944 581 3001 pro
603 2925 716 3000 futuris,
745 2933 778 2985 nt
800 2925 910 3004 aliquid
932 2932 1011 2985 certo
1034 2942 1096 2985 esse
1118 2942 1202 2985 even·

14 3030 125 3085 turum
144 3025 320 3098 significetur
335 3025 492 3100 (velntmb.
512 3032 559 3102 19,
577 3032 633 3098 153
649 3028 685 3099 11,
701 3030 748 3101 13,
765 3024 825 3100 28),
843 3033 996 3100 praeterea
1006 3027 1077 3086 illud
1090 3032 1204 3101 tempus

14 3130 116 3188 etiam
138 3128 256 3203 legitur,
274 3128 324 3187 ubi
341 3135 430 3202 poeta
446 3146 493 3190 res
512 3131 613 3190 eodem
628 3136 758 3203 tempore
777 3128 905 3202 agendas
923 3130 969 3188 vel
987 3128 1100 3188 futuras
1118 3128 1203 3187 dicit:

13 3230 87 3290 1nb.
100 3225 147 3304 8¹³,
161 3234 218 3300 443
237 3230 277 3305 11,
290 3232 318 3304 5,
333 3234 389 3303 10;
407 3232 459 3307 IV,
477 3237 525 3306 11,
544 3226 650 3301 assat.
674 3231 764 3303 Quam
780 3230 904 3290 libenter
921 3237 1018 3291 antem
1037 3231 1205 3305 Propertius

21 3336 173 3406 tempore,
196 3331 232 3390 de
254 3347 310 3404 quo
332 3334 452 3406 1111111,
473 3339 582 3405 utatur,
603 3333 712 3407 optime
727 3349 743 3392 1
757 3350 782 3391 v.
802 3333 856 3408 111,
879 3336 927 3407 10,
945 3335 984 3390 29
1001 3337 1133 3407 apparet,
1149 3348 1204 3404 quo

11 3430 56 3492 in
88 3449 175 3493 versu
201 3432 329 3492 futurum
355 3441 505 3494 exactum:
540 3440 660 3506 „exacta
681 3432 785 3494 fuerit“
811 3436 941 3508 legimns,
964 3436 993 3493 in
1016 3449 1072 3506 qno
1094 3440 1206 3507 tempus

10 3532 187 3608 perfectum
208 3537 380 3609 1111111111,
404 3536 456 3595 sed
478 3536 522 3596 bis
544 3537 724 3613 exprimitur.

495 3787 749 3797 -Ἢ

407 4003 409 4006 ’
428 4003 610 4060 Consecutio
629 4006 814 4073 temporum.

113 4173 196 4248 Quae
217 4174 301 4247 vulgo
323 4182 445 4234 vocatur
465 4175 630 4234 consecutio
651 4181 813 4248 temporum
835 4172 988 4246 eiusmodi,
1016 4177 1049 4230 nt
1078 4176 1210 4245 tempora

10 4277 238 4357 enuntiationis
260 4275 448 4335 secundariae
470 4275 646 4348 temporibus
666 4276 822 4349 primariae
843 4273 1032 4333 accomodata
1050 4274 1117 4348 sint,
1136 4289 1208 4345 qno·

992 4379 1011 4437 2
