2894 5114
713 315 751 379 18

144 502 237 562 minus
258 502 335 576 apud
356 508 484 564 nostrum
508 506 670 567 inveniatur
692 504 768 564 idam
792 503 889 565 obstat
910 503 1163 580 impedimentum,
1188 520 1244 577 quo
1265 505 1305 562 ian

144 606 305 679 praesentis
328 612 357 665 et
377 605 500 680 perfecti
521 607 722 667 historicorum
744 624 826 666 usum
847 606 1002 668 admodum
1023 606 1163 680 angustis
1185 607 1306 665 iuclusnu

145 722 208 768 esse
230 706 332 769 finibus
354 709 484 769 vidimus.
516 710 591 769 Nam
613 726 678 768 cum
698 711 866 784 plerumque
887 709 1007 782 singulis
1025 708 1165 768 distichis
1196 708 1308 780 singulm

144 810 346 869 contineantur
368 812 538 886 sententiae,
560 817 620 870 tum
643 826 765 884 quoquc,
788 811 813 869 si
833 810 863 869 id
885 812 978 870 minus
1000 811 1157 885 contingit,
1184 817 1215 871 et
1231 815 1305 884 poso

144 913 389 972 narratiunculam
416 913 542 985 aliquam
572 914 673 972 inserit
694 914 823 988 carmini,
845 928 939 972 sermo
960 913 1109 972 enuntiata
1132 914 1233 986 magis
1254 910 1305 970 sul

145 1016 292 1074 stantialia
319 1029 405 1087 quam
434 1014 498 1074 aliis
525 1014 593 1074 nixa
620 1014 745 1075 exhibet
778 1015 882 1091 Itaque
902 1015 948 1088 iis,
970 1029 1046 1087 quac
1067 1029 1161 1087 supra
1185 1019 1305 1086 tempora

146 1118 258 1190 singula
273 1121 432 1176 tractantes
444 1115 481 1176 de
497 1133 603 1190 genera
618 1116 743 1189 quodam
761 1116 970 1177 consecutionis
988 1115 1109 1188 diximus
1128 1109 1187 1187 (cf.
1203 1115 1307 1174 maxime

146 1219 213 1278 diss.
237 1218 273 1278 de
293 1219 406 1293 plusqp.
429 1223 459 1279 et
479 1215 531 1277 fut.
550 1215 666 1291 exacto)
677 1209 700 1288 ¹)
722 1218 769 1277 hio
790 1217 945 1277 admodum
965 1233 1060 1291 pauca
1080 1222 1151 1276 sunt
1175 1215 1304 1277 addenda.

146 1320 267 1380 Duobus
290 1321 365 1380 euim
386 1325 498 1379 tantum
519 1321 549 1378 in
569 1320 698 1380 versibus
720 1320 889 1394 Propertius
905 1347 945 1359 -
960 1324 1048 1392 atque
1069 1319 1100 1379 iu
1122 1317 1184 1378 hac
1207 1321 1267 1393 ipsa
1283 1331 1305 1374 re

146 1438 205 1483 non
233 1416 363 1494 sequitur
392 1422 513 1481 aliorum
540 1422 775 1482 cousuetudinem
794 1427 922 1496 —post
949 1421 1202 1494 conjunctionem
1220 1415 1302 1491 „dun‘

146 1529 259 1598 tempus
277 1524 482 1585 enuntiationis
500 1525 666 1598 temporalis
680 1523 878 1584 accommodat
895 1521 992 1582 futuro
1010 1523 1153 1582 enuntiati
1169 1521 1300 1597 primarii:

189 1625 245 1684 mb.
272 1627 395 1701 14,14:
423 1625 519 1698 „Quae
541 1631 705 1700 maneant,
728 1626 795 1685 dum
818 1641 863 1685 me
884 1622 946 1684 fata
965 1625 1061 1698 parire
1081 1623 1230 1684 volent“

192 1728 249 1788 mb.
275 1730 324 1803 14,
345 1730 400 1788 23:
427 1729 524 1801 „Quae
545 1728 703 1800 mihidum
725 1729 841 1802 placata
862 1727 991 1800 aderit,
1012 1727 1152 1785 nonulla
1173 1723 1296 1786 verebor

253 1828 394 1903 Regna“;

148 1933 258 1991 scilicet
280 1930 477 2002 conjunctivus
503 1927 669 1999 „manaaut“
696 1947 749 2002 pro
770 1927 867 1988 futuro
890 1934 945 1988 est.

239 2167 261 2230 ¹)
280 2183 305 2231 n·
327 2171 413 2229 csqq.
432 2182 456 2230 r·
481 2169 518 2216 1¹·
538 2178 592 2227 aas·
