2894 5114
676 1152 912 1247 VITA.

760 1379 858 1387 --.

305 1548 399 1607 Natus
427 1563 488 1606 sum
521 1546 702 1606 Hermannus
732 1549 897 1609 Fridoricus
918 1550 1080 1609 Leberecht
1102 1548 1240 1623 Spindlcr
1261 1546 1395 1625 Hofgeio·

221 1634 305 1691 marii
333 1649 358 1691 a.
390 1632 416 1690 d.
439 1632 491 1692 III.
515 1630 574 1690 Gal.
597 1632 650 1690 lul.
681 1635 747 1693 anni
770 1634 1000 1695 MDOOOLXIII
1026 1641 1112 1708 patre
1134 1631 1316 1709 Hermanno,
1349 1635 1395 1707 qui

220 1723 281 1776 tum
302 1718 473 1791 inspectioni
495 1732 592 1775 eorum
616 1719 809 1795 vectigalium,
831 1735 906 1791 quac
927 1720 1105 1791 exegisset
1124 1716 1267 1777 aedificiis
1285 1734 1393 1793 cogun-

220 1807 276 1874 tur,
300 1808 445 1875 praeerat.
475 1800 529 1872 Qui
559 1817 623 1858 cum
645 1818 694 1859 sex
717 1805 798 1861 annis
821 1810 887 1877 post
910 1808 943 1862 ut
962 1804 1064 1864 codem
1085 1818 1203 1861 munere
1225 1801 1396 1875 fungeretur

220 1887 408 1959 Marpurgom
423 1891 499 1944 esset
517 1891 645 1955 vocatus,
663 1886 729 1944 inde
745 1904 762 1945 a
778 1894 860 1946 sexto
878 1889 954 1947 vitae
970 1903 1045 1959 anno
1063 1902 1154 1959 usque
1172 1886 1210 1944 ad
1226 1888 1395 1946 vicesimum

220 1976 335 2041 qartum
356 1969 482 2029 eiusdem
503 1969 580 2026 urbis
602 1967 718 2027 interfui
745 1972 836 2028 omnis
858 1973 970 2043 generis
993 1971 1106 2044 scholis,
1130 1970 1234 2042 quibus
1257 1972 1345 2044 puori
1366 1976 1395 2031 et

219 2054 417 2113 adulescentes
448 2053 542 2112 solent
570 2052 688 2111 institui.
721 2055 763 2112 Ao
791 2062 967 2127 postremum
990 2055 1105 2127 quidem
1126 2056 1289 2114 instructus
1310 2056 1393 2115 tosti-

219 2140 314 2197 monio
340 2139 514 2197 maturitatis
543 2135 609 2194 inde
637 2152 655 2194 a
685 2152 752 2196 vore
777 2140 845 2197 anni
868 2138 1143 2198 MDOGCLXXXII
1163 2155 1217 2211 por
1238 2139 1397 2199 duodecim

218 2224 369 2282 semestria
401 2224 431 2281 in
461 2221 647 2281 universitate
678 2222 882 2296 Marpurgensi
913 2230 942 2283 et
963 2223 1144 2282 Berolinensi
1172 2236 1295 2295 operum
1330 2222 1397 2283 oeci

218 2306 321 2366 studiis
338 2307 490 2381 philologis
505 2307 628 2365 maxime
646 2311 676 2363 et
693 2306 837 2368 historicis
852 2307 971 2366 ducibus
987 2305 1176 2381 Kirchhoffio‚
1195 2306 1394 2381 Troitsohklo,

220 2391 413 2466 Bergmanno‚
443 2390 580 2463 Oohcnio,
602 2388 839 2466 Varrentrappio,
869 2392 987 2464 Lenzio,
1013 2391 1163 2465 Fischero‚
1193 2391 1334 2467 Caesare,
1361 2390 1396 2451 L.

221 2476 389 2550 Schmidtio,
411 2474 514 2550 Birtio,
538 2472 640 2547 quibus
661 2475 729 2532 viris
751 2475 922 2534 doctissimis
937 2478 940 2482 ’
953 2475 989 2534 de
1009 2491 1055 2534 me
1077 2476 1184 2550 optime
1206 2475 1321 2535 meritis
1342 2474 1396 2536 hoo

219 2561 283 2620 loco
306 2562 414 2633 gratias
435 2574 522 2631 agore
544 2571 630 2629 quam
650 2560 789 2617 maximas
809 2560 906 2618 liceat.
937 2559 1084 2633 Superato,
1107 2558 1231 2619 feliciter
1261 2560 1396 2619 ommino

220 2661 274 2718 pro
296 2642 434 2703 facultate
451 2642 573 2702 docendi
591 2655 607 2699 e
625 2655 692 2700 vere
709 2642 793 2701 huius
811 2644 879 2702 anni
897 2642 1073 2725 candidatus¹
1081 2642 1248 2717 probandus
1265 2644 1298 2703 in
1316 2660 1397 2719 gyur-

220 2731 301 2789 nasio
323 2729 526 2802 Marpurgensi
547 2727 705 2787 collocatus
727 2743 799 2787 sum.
