2918 4942
713 402 734 460 4
804 431 811 445 .

228 584 368 644 Praesens
384 582 551 645 historicum
571 585 648 659 quod
665 591 785 645 vocatur
803 601 916 658 quoqne
934 587 964 644 in
981 589 1146 648 narratione
1164 588 1337 651 concitata

145 688 238 748 solent
262 686 306 746 uti
334 702 387 760 pro
414 693 544 762 tempore
571 687 710 763 perfecto,
742 689 772 747 in
793 690 884 749 nostri
904 694 1010 763 poetae
1031 689 1204 749 carminibus
1226 690 1333 752 huius

147 789 286 864 temporie
305 790 450 850 notionem
466 807 533 850 raro
545 789 686 864 praebere
698 791 755 848 iam
769 807 805 849 ex
815 790 878 864 ipsa
892 797 997 850 natura
1006 793 1162 851 carminum
1179 803 1329 867 apparet.

144 892 313 967 Propertius
349 891 425 951 enim
458 894 587 964 quamvis
621 909 708 966 saepe
739 892 777 952 ad
806 893 918 967 mythos
952 894 1111 954 hamandos
1141 911 1158 953 a
1188 900 1327 958 materia

145 995 278 1054 instituta
299 992 424 1068 aberret,
453 999 550 1053 tamen
571 993 713 1054 brevitate
734 995 933 1055 extorsionum
954 1001 1005 1054 ant
1027 1002 1108 1055 arcta
1128 996 1220 1070 mythi
1243 1015 1318 1058 cnm

145 1101 313 1170 argumento
342 1096 476 1156 carminis
501 1093 700 1169 conjunctione
727 1084 878 1169 quominus
907 1098 937 1156 in
968 1099 1141 1158 concitatum
1174 1101 1319 1160 narrandi

147 1215 238 1274 genus
258 1198 369 1259 incidat
388 1197 566 1273 prohibetur.
589 1199 693 1272 ltaque
712 1193 849 1272 praesens
868 1198 1035 1260 historicum
1057 1207 1152 1261 exstat
1173 1201 1236 1262 iure
1258 1220 1315 1278 pro

147 1300 279 1378 perfeeto
299 1301 436 1361 historico
456 1306 569 1361 tantum
589 1302 689 1376 pancis
710 1301 798 1360 locis:

187 1405 226 1481 11,
249 1406 347 1480 9,10:
371 1397 492 1480 (Briseis
513 1399 666 1475 Achillem)
686 1402 815 1463 Candida
829 1421 937 1464 vesana
957 1403 1120 1464 verberat
1134 1421 1186 1463 ora
1209 1421 1309 1475 mann3

252 1505 292 1565 Et
326 1505 470 1566 dominum
500 1505 600 1565 lavit
629 1520 760 1565 maerens
789 1506 903 1579 captiva
932 1510 1097 1576 cruentum3
1131 1502 1309 1579 (rectissime,

249 1623 317 1668 nam
336 1608 448 1683 lavit,
469 1609 635 1682 priusquam
655 1607 790 1669 verberat
800 1599 866 1684 1));

189 1709 229 1786 11,
254 1711 302 1786 16,
318 1711 372 1768 12:
388 1754 396 1769 .
412 1754 420 1769 .
443 1706 513 1787 (vidi
528 1756 534 1770 .
550 1747 558 1765 ·
574 1705 585 1782 )
607 1709 700 1783 Saepe
718 1725 812 1770 meum
832 1726 936 1770 nomen
951 1710 1011 1782 jam
1028 1710 1157 1783 peritura
1174 1726 1267 1770 vocas
1279 1749 1305 1768 ..

190 1811 244 1889 III,
268 1811 315 1886 15,
333 1813 392 1871 25:
414 1811 485 1872 lnde
506 1811 685 1873 Cithaeronis
706 1812 807 1872 timido
828 1811 903 1886 pede
924 1811 1048 1871 currit
1073 1813 1103 1870 in
1125 1828 1207 1873 arces
1224 1856 1238 1884 ,
1260 1856 1266 1870 .
1290 1803 1303 1834 ‘⁴

188 1915 238 1991 IV,
264 1911 390 1989 1b‚134.
420 1915 532 1988 Dictat,
561 1924 647 1988 aetat,
678 1914 728 1990 IV,
751 1919 780 1990 4,
796 1917 832 1974 7:
862 1907 978 1990 (Faber
998 1956 1006 1971 .
1026 1909 1062 1985 )
1088 1915 1253 1993 praeeiaqe't
1272 1954 1307 1970 ..

253 2017 304 2092 IV,
326 2020 356 2092 4,
371 2018 429 2075 76:
452 2015 558 2086 (festae
577 2010 807 2091 erat..)cam
823 2018 956 2090 madeat;
977 2015 1028 2090 IV,
1051 2017 1080 2091 8,
1097 2017 1153 2075 55:
1179 2017 1314 2080 fulminat

249 2120 301 2177 illa
334 2120 424 2177 acatia
438 2161 465 2177 ..
499 2119 590 2177 saevit
604 2161 633 2179 ..
673 2119 813 2178 conicit..
852 2122 995 2177 clamat..
1032 2119 1189 2178 tardant..
1222 2124 1313 2177 coam·

251 2223 292 2280 84
324 2236 394 2293 sqq:
427 2221 531 2300 torpuit
548 2257 579 2281 .·
611 2221 735 2298 imperat
779 2219 829 2296 IV,
851 2223 898 2295 10,
913 2219 970 2280 35:
1009 2219 1113 2279 Cossus
1145 2219 1186 2278 ait
1202 2262 1228 2277 ..
1263 2234 1318 2277 nec

251 2343 334 2382 mora
349 2325 396 2402 fit
418 2323 468 2398 IV,
493 2325 521 2398 6,
537 2324 593 2383 55:
616 2323 754 2398 Dixerat,
777 2333 803 2381 ct
824 2324 961 2383 consumit
978 2360 985 2377 ·
1000 2360 1026 2384 ι.

234 2425 335 2499 Neque
357 2427 449 2485 minue
471 2426 631 2499 praesentis
652 2425 781 2485 historici
802 2441 891 2498 genus
913 2424 1056 2498 quoddam
1073 2428 1187 2482 exstare
1204 2422 1321 2483 videtur

147 2530 177 2588 in
206 2544 291 2589 versu
312 2529 363 2602 IV,
392 2531 471 2603 4,4:
500 2523 795 2600 (husmerae.)
825 2529 973 2604 Multaque
1001 2527 1107 2585 nativis
1136 2525 1320 2603 obstrepit

147 2630 238 2690 arbor
265 2623 377 2708 aquis.“
408 2629 438 2690 st
466 2629 542 2689 enim
569 2629 599 2688 id
627 2629 796 2705 respexeris,
819 2629 896 2702 quod
916 2635 1003 2703 poeta
1032 2628 1176 2688 describat
1201 2634 1313 2687 etcum

147 2731 243 2791 dicat:
258 2775 288 2790 ..
323 2733 418 2790 Lucae
440 2740 543 2790 eret..
564 2730 657 2789 locum
680 2737 826 2803 tamquam
854 2747 987 2791 scaenam
1016 2731 1152 2807 appellet,
1181 2747 1237 2804 quo
1265 2745 1311 2789 res

146 2833 308 2894 narrandae
340 2833 482 2908 eveniant,
511 2849 621 2892 summa
651 2838 714 2892 arte
742 2832 812 2892 illud
839 2826 1008 2910 ,obstrep'd
1028 2830 1135 2890 dictum
1157 2848 1219 2892 esse
1241 2849 1304 2891 con·

145 2934 239 2995 cedes.
262 2934 331 3006 Quis
352 2934 427 2993 enim
449 2939 494 2994 est
514 2935 582 3007 quin
604 2934 639 2995 de
660 2935 724 3008 lege
745 2935 795 2993 illa
813 2933 1010 3010 admoneatur,
1028 2949 1113 3006 qnam
1131 2950 1149 2992 a
1166 2934 1305 2994 veteribus

146 3037 177 3096 in
198 3034 329 3097 artificiis
350 3035 492 3110 fingendis
514 3037 729 3110 diligentissime
751 3035 932 3096 observatam
955 3053 1017 3097 esse
1034 3036 1200 3109 Lessingine
1217 3043 1313 3098 noster

145 3139 175 3198 in
206 3137 374 3199 Laocoonte
404 3138 633 3200 demonstravit?
656 3139 730 3199 Sene
751 3144 840 3212 poeta
867 3139 963 3198 dicere
984 3144 1115 3212 poterat:
1133 3139 1213 3197 lucus
1241 3145 1310 3214 erat,

147 3240 235 3302 arbor
272 3239 473 3316 obstrepebat3
505 3247 536 3301 at
562 3243 652 3302 multo
680 3243 795 3315 gravius
825 3246 855 3300 et
883 3258 916 3301 eo
938 3243 1011 3316 ipso,
1037 3240 1113 3313 qnod
1133 3257 1190 3301 non
1212 3241 1310 3301 eodem

146 3348 277 3418 tempore
298 3360 368 3403 usus
389 3349 443 3419 est,
464 3343 609 3418 pulchrius
630 3344 762 3433 arborem
784 3346 865 3416 qnasi
887 3349 1018 3416 agentem
1036 3345 1066 3402 in
1084 3359 1189 3402 scaena
1205 3344 1264 3419 illa,
1282 3343 1312 3402 id

147 3449 202 3520 est,
237 3461 302 3505 cnm
335 3445 417 3518 aquis
447 3447 664 3522 colloquentem,
699 3445 789 3506 finxit.
819 3446 916 3506 Habes
947 3447 1034 3519 igitur
1065 3445 1151 3520 idem,
1181 3446 1258 3518 qnod
1284 3447 1312 3504 in

145 3548 273 3610 carmine
294 3548 415 3622 Vergilii
436 3547 551 3609 heroico
572 3548 658 3621 legis:
677 3547 727 3624 Ν,
747 3550 841 3608 522-
853 3548 929 3606 532:
948 3550 1018 3607 Noa
1035 3556 1107 3621 erat,
1125 3555 1151 3605 et
1163 3547 1310 3624 placidam

144 3651 338 3730 carpebant
351 3651 440 3724 fessa
462 3671 594 3729 soporem
613 3694 639 3711 ..
662 3645 812 3727 (corpora)
834 3659 865 3709 at
885 3671 941 3709 aon
963 3649 1073 3722 tafalia
1093 3642 1147 3724 (ec.
1169 3644 1258 3720 Dido)
1276 3691 1308 3710 ..

143 3755 314 3814 solvitur
336 3797 373 3814 ..
409 3753 559 3832 accipit
589 3763 648 3828 etc,
684 3755 729 3814 vel
761 3753 812 3829 lx,
844 3753 922 3812 459:
958 3756 1077 3828 etjam
1108 3751 1208 3830 prima
1238 3769 1309 3811 aava
1348 3771 1351 3897 ‹

143 3858 299 3935 aparchat
331 3855 436 3915 lamiae
470 3863 568 3915 terras
589 3898 623 3915 ..
662 3856 779 3915 Tar-aaa
811 3854 977 3914 suscitat..
1009 3854 1055 3914 vel
1092 3849 1220 3926 perfecto
1258 3867 1309 3928 pro
1349 3900 1351 3953 ,

142 3959 287 4035 praesenti
308 3963 465 4034 usurpato:
487 3956 541 4033 111,
566 3960 642 4019 147:
665 3959 735 4018 Noa
758 3966 823 4018 erat
839 4001 870 4018 ..
893 3956 949 4016 visi
968 3965 1035 4016 ante
1057 3958 1154 4015 acatos
1172 3995 1203 4015 ..
1349 3964 1351 3969 “

229 4215 252 4282 ¹)
272 4220 386 4270 Mortuos
411 4220 476 4282 apud
496 4219 602 4269 Graecos
627 4222 735 4282 primum
760 4220 893 4280 lavatione,
919 4222 972 4267 tum
997 4217 1099 4280 planctu
1129 4217 1232 4264 adactos
1253 4228 1308 4266 esse

142 4313 245 4373 apparet
262 4322 294 4358 ex
312 4309 343 4360 ΙΙ.
362 4308 456 4370 xvlll,
475 4301 527 4357 350
545 4321 598 4370 sqq.
618 4309 649 4360 et.
669 4309 701 4362 ΙΙ.
721 4307 748 4359 ΙΙ.
764 4308 899 4368 Hermann,
918 4305 1005 4368 Anth.
1022 4304 1068 4368 ΙΙΙ,
1089 4306 1112 4362 1,
1131 4316 1155 4365 p.
1174 4296 1232 4352 198.
