2918 4942
637 412 654 468 9

146 591 240 664 Magis
264 593 348 652 etiam
371 593 489 654 offendit
510 594 664 655 infinitivus
685 594 806 670 perlecti
823 612 875 671 pro
893 597 1040 670 praesenti
1057 613 1073 656 e
1091 595 1224 659 futuro

56 693 141 754 finito
164 701 216 754 aut
237 694 333 770 verbo,
356 697 401 754 cui
423 698 554 755 voluntas
575 695 663 756 futuri
685 699 769 773 inest,
792 705 895 771 aptus:

102 797 143 870 11,
171 799 219 872 19,
237 800 291 856 32:
318 799 457 873 „Absenti
479 815 562 859 nemo
585 799 651 858 dum
673 802 855 861 nocuisse
875 802 981 861 velit.

88 897 146 972 111,
172 899 200 972 9,
216 900 271 957 43;
308 900 405 974 „Inter
438 899 603 958 Callimachi
639 907 685 959 sat
718 903 796 960 erit
828 903 1008 976 placuisse
1040 904 1150 964 libellos
1185 905 1225 965 Et

167 1002 304 1061 cecinisse
322 1003 415 1061 modis
437 1003 514 1062 clare
536 1002 659 1078 Phileto,
683 997 768 1062 tuis“.

90 1103 145 1177 IV,
166 1106 192 1175 3,
210 1105 268 1162 70:
296 1105 376 1178 „Hac
399 1122 451 1178 ego
473 1112 502 1164 te
524 1106 585 1164 sola
603 1091 670 1179 lege
691 1105 843 1166 redisse
861 1108 991 1178 velim;
1019 1109 1140 1168 maxime
1162 1124 1225 1168 eam

168 1205 204 1264 ob
226 1223 351 1280 causam,
371 1206 446 1278 quod
466 1209 542 1266 actio
559 1209 651 1281 petita
669 1209 713 1267 vel
731 1214 884 1282 expectata
901 1207 1061 1281 legentibus
1080 1214 1226 1282 tamquam

168 1305 298 1381 perfecta
335 1308 513 1367 describitur.
548 1308 737 1368 Nihilominus
773 1312 922 1370 scitissime
954 1318 1043 1384 poeta
1076 1313 1106 1371 in
1139 1329 1227 1372 versa.

170 1411 224 1485 ΙΙΙ,
248 1413 277 1484 9,
300 1407 396 1480 43144
428 1410 586 1485 perfectam
615 1418 750 1486 usurpat3
784 1429 848 1472 cum
880 1414 954 1472 enim
989 1413 1024 1474 dc
1055 1415 1228 1475 carminibus

168 1515 296 1587 jndicum
318 1512 418 1587 fertur,
441 1515 497 1571 iam
513 1519 600 1572 antea
620 1515 781 1587 placuerint
799 1531 834 1574 ea
850 1521 895 1575 etc
914 1521 1006 1574 ertum
1024 1533 1113 1590 genus
1136 1517 1225 1589 quod-

170 1617 236 1676 dam
258 1622 357 1674 secuta
379 1617 436 1674 sint
457 1632 574 1674 necesse
597 1622 648 1675 est.

149 1718 249 1790 Neque
271 1725 368 1777 tamen
389 1716 465 1791 apud
487 1718 669 1790 Propertium
690 1719 781 1778 solum
802 1719 874 1776 talia
906 1719 1041 1791 legimus3
1077 1725 1227 1793 poetarum

56 1805 186 1881 aliorum
222 1837 336 1893 quoquc
368 1821 495 1879 carmina
527 1820 715 1893 perlustranti
747 1836 851 1892 magna
881 1821 941 1880 eius
963 1818 1094 1881 infinitivi
1113 1825 1227 1895 generis

59 1925 152 1998 copia
174 1925 374 1996 conspicietur.

150 2025 196 2083 Ex
217 2042 272 2097 quo
296 2042 412 2085 numero
435 2026 487 2083 hos
509 2040 716 2084 commemoro:
752 2025 822 2084 Hor.
846 2043 870 2084 c.
893 2027 917 2099 Ι,
942 2030 968 2100 1,
989 2030 1023 2084 4;
1056 2028 1230 2106 collcpissc

47 2135 147 2207 juvat
164 2175 171 2188 .
191 2147 222 2200 .;
243 2129 328 2200 Verg.
352 2129 403 2186 ecl.
422 2127 460 2202 X,
480 2129 519 2184 70
538 2136 583 2185 sat
604 2129 657 2185 erit
679 2129 829 2200 cecinisse;
852 2129 929 2202 Gli,
950 2131 1026 2188 108:
1049 2132 1113 2188 velit
1130 2151 1227 2204 nosse,-

56 2233 118 2306 ΙΙΙ,
145 2233 219 2289 436:
250 2232 333 2290 libeat
361 2232 506 2304 jarossa
541 2231 617 2289 526:
654 2232 722 2306 qaid
749 2223 855 2304 (juvat)
876 2232 1048 2290 invertisse?
1081 2233 1131 2308 IV,
1156 2235 1229 2292 197:

65 2335 214 2393 mirabere
233 2334 380 2408 placuisse
403 2328 516 2406 (apibus
537 2327 667 2404 morem.)

150 2432 359 2509 Imperfecti
391 2439 490 2508 partes
521 2449 607 2505 agere
636 2432 749 2492 videtur
769 2431 927 2506 perfectum
945 2437 974 2494 in
994 2454 1081 2496 versa.
1104 2439 1157 2513 ΠΙ,
1181 2441 1231 2513 13,

60 2540 105 2598 34
131 2541 230 2596 1140.
272 2538 344 2608 Quia
375 2539 404 2595 in
430 2538 498 2610 ipsis
531 2535 640 2594 vicibus
668 2543 827 2610 temporum
849 2537 966 2598 offensio
988 2540 1128 2612 quaedam
1150 2542 1231 2614 inest,
1283 2581 1286 2585 .

57 2648 144 2701 totus
163 2641 243 2698 locus
265 2641 311 2698 hic
330 2639 511 2698 exhibeatur:

216 2746 262 2802 33.
285 2789 298 2816 „
323 2743 376 2800 His
394 2747 454 2800 tum
476 2740 622 2799 blanditiis
643 2738 748 2798 furtiva
771 2756 823 2813 per
844 2747 928 2801 antra
948 2745 1060 2817 puellae

214 2846 317 2905 Oscula
338 2845 472 2903 silvicolis
491 2850 588 2918 empta
609 2843 738 2903 dedere
759 2843 827 2902 viris

214 2949 332 3007 Hinulci
353 2965 388 3006 ac
409 2948 491 3020 pellis
513 2952 619 3005 stratos
641 2945 801 3017 operibat
822 2953 960 3023 amantes,

216 3055 340 3124 Altaque
362 3051 460 3109 nativo
481 3054 611 3110 creverat
632 3047 722 3107 herba
744 3053 822 3119 toro;

218 3155 307 3213 Pinus
329 3160 358 3213 et
379 3152 544 3212 incumbens
565 3152 650 3211 lentis
672 3151 890 3210 circumdabat
911 3152 1035 3225 umbras,

215 3258 276 3316 Nec
298 3256 392 3316 fuerat
401 3249 424 3330 ¹)
447 3256 538 3314 nudas
556 3270 649 3328 poena
671 3253 768 3313 videre
790 3253 873 3323 dees;

215 3360 352 3432 Corniger
372 3366 458 3431 atque
480 3359 523 3416 sni
545 3374 650 3417 vacuas
671 3359 797 3429 pastoris
819 3357 849 3415 in
871 3358 964 3415 aulam

214 3463 279 3520 Dux
301 3463 376 3520 aries
398 3466 511 3519 saturas
533 3460 594 3532 ipse
616 3457 758 3518 reduxit
780 3475 855 3517 oves.

154 3565 239 3624 Cuius
261 3564 424 3624 offensionis
444 3568 549 3636 poetae
572 3563 731 3634 quicunqne
753 3567 845 3621 artem
867 3576 924 3632 qua
941 3562 970 3619 in
989 3561 1052 3633 ipsa
1066 3560 1231 3619 narratione

61 3684 165 3729 rerum
188 3669 321 3725 continuo
342 3668 531 3739 repetitarum
554 3667 629 3724 inter
653 3664 780 3724 actiones
803 3670 832 3723 ct
849 3652 941 3723 status
955 3661 1024 3722 fecit
1040 3653 1232 3737 discrimen²l,

67 3771 230 3832 admiratus
252 3770 316 3843 erit,
338 3769 523 3828 libentissime
546 3766 627 3825 dabit
647 3767 766 3825 veniam.

153 3872 359 3945 Neglegentiee
386 3870 499 3929 cuidam
531 3869 659 3928 tribuere
686 3870 818 3942 solemus,
847 3869 872 3925 si
897 3868 1023 3938 linguam
1051 3865 1233 3925 vernaculam

63 3992 133 4037 cum
165 3975 255 4034 latina
287 3979 487 4048 comparantes
519 3989 572 4047 pro
604 3969 700 4030 futuro
722 3970 798 4042 quod
820 3976 951 4030 exactum
972 3974 1091 4028 vocatur
1112 3983 1130 4026 1
1152 3967 1233 4026 nobis

64 4138 284 4150 -......-....—-—--.,

159 4225 180 4287 ¹)
200 4227 236 4274 Da
255 4227 300 4273 hoc
317 4225 557 4289 plusquamperfecti
575 4237 666 4285 genero
685 4240 710 4273 v.
727 4224 794 4275 iufra
812 4237 867 4286 pag.
888 4216 928 4274 11.

159 4313 182 4380 2)
202 4315 236 4365 or.
257 4316 331 4364 aarum
350 4327 374 4376 p.
394 4317 418 4362 l.
438 4313 451 4360 n
480 4312 543 4366 aisa.

1199 4462 1380 4648 Α
