2894 5114
716 352 755 410 26

230 523 296 584 Non
318 525 371 586 tibi
393 529 551 604 quadrigae
571 534 684 605 prosint
705 533 768 595 iata
790 535 1015 614 Amphiareae,
1062 489 1067 499 Ι

146 627 279 688 viderunt
300 629 358 705 alii,
380 631 454 690 sicut
471 631 683 709 Lachmannue,
706 636 755 707 qui
777 634 950 696 adiectivum
969 655 988 698 a
1008 642 1127 702 nomine
1150 643 1320 718 Amphiarai

147 728 287 790 derivavit
317 731 541 810 Amphiaraeue,
577 735 759 797 nihilominus
792 742 888 798 autem
920 741 1038 802 verbum
1069 745 1198 818 aliquod
1235 750 1322 809 versui

146 833 328 893 inserendum
350 850 412 895 esee
433 835 585 911 intellexit,

172 1005 175 1010 ¹
229 937 295 996 Non
316 952 449 1010 magnam
471 938 683 1011 Amphiaraeac
709 941 821 1013 prosint
841 941 895 1001 tibi
915 939 977 1003 fata

229 1031 394 1111 Quadrigae
419 1083 425 1097 .
449 1080 456 1096 .
481 1079 517 1101 ..
1212 1106 1225 1131 ·

230 1142 305 1214 qnid
326 1143 351 1202 si
371 1142 496 1203 traditae
518 1143 679 1216 scripturae
697 1143 804 1214 nullam
822 1146 880 1204 vim
893 1144 1033 1206 iacientes
1050 1146 1086 1206 iis
1100 1152 1237 1226 tantum,
1258 1166 1322 1223 quae

145 1245 207 1317 ipse
227 1250 317 1318 poeta
330 1244 453 1320 praebet
471 1243 605 1304 remediis
622 1243 752 1304 utimur?
770 1245 906 1321 Legimus
922 1248 996 1307 enim
1015 1264 1103 1322 supra
1118 1249 1243 1311 duobus
1260 1253 1323 1312 locis

145 1361 217 1419 quos
238 1347 412 1407 coniunctivi
432 1345 595 1406 illustrandi
615 1362 703 1407 causa
724 1350 954 1423 commemoravi,
983 1348 1038 1410 hoc
1064 1366 1166 1412 versus
1192 1354 1322 1414 initium:

228 1449 294 1508 Non
314 1454 412 1509 tamen
435 1492 442 1504 .
466 1489 501 1507 ..

230 1549 314 1623 Quod
331 1550 372 1609 ibi
389 1559 485 1608 tamen
513 1549 587 1609 adeo
610 1565 668 1610 nou
692 1565 934 1622 supervacaneum
956 1557 1009 1626 eet,
1032 1559 1065 1613 ut
1078 1541 1179 1614 'etiam
1198 1560 1325 1619 maxime

145 1653 337 1713 necessarium
359 1653 396 1712 eit
416 1653 582 1725 praemissis
603 1657 648 1712 tot
670 1653 825 1712 enuntiatis
847 1655 1026 1714 concessivis.
1045 1654 1149 1728 Neque
1170 1659 1274 1720 minus
1292 1677 1323 1721 eo

144 1755 208 1813 loco
229 1754 266 1813 de
288 1770 344 1826 qno
366 1755 462 1827 agitur
482 1745 626 1828 particula
647 1771 719 1828 opus
737 1760 790 1829 est,
813 1769 871 1826 qna
888 1757 1031 1815 enuntiati
1051 1758 1184 1830 primarii
1208 1760 1324 1822 initium

147 1855 331 1929 significetur.
354 1856 457 1927 Itaque
478 1856 553 1915 hano
573 1858 696 1929 primam
716 1856 869 1915 lectionem
890 1858 1096 1918 nanciscimur:

228 1957 294 2016 Non
315 1962 412 2016 tamen
434 1957 624 2031 Amphiareae
646 1958 758 2031 prosint
778 1957 831 2017 tibi
850 1956 913 2018 fata
935 1959 1101 2033 quadrigae.

228 2060 262 2117 In
295 2057 397 2131 quibus
425 2060 619 2136 Amphiareae
658 2060 806 2132 genetivus
846 2060 1017 2121 substantivi
1049 2062 1231 2138 Amphiarae
1271 2068 1323 2127 erit

144 2162 219 2221 sicut
247 2158 415 2238 Geryoneae
445 2161 605 2222 decHnatur
632 2177 651 2220 a
682 2159 832 2238 Geryonae
866 2158 1030 2239 (ciliane,
1057 2163 1275 2228 Formenlehre
1295 2186 1321 2242 p.

148 2268 182 2321 11
208 2269 238 2322 et
262 2257 323 2336 13).

228 2364 337 2424 Fateor
347 2370 444 2424 tamen
454 2364 598 2424 offendere
608 2367 774 2438 genetivum
786 2381 802 2424 e
814 2364 947 2437 genetivo
958 2365 1118 2442 quadrigae
1130 2365 1317 2438 pendentem.

147 2467 237 2526 Immo
259 2466 431 2527 adiectivum
453 2465 571 2537 aliquod
590 2464 780 2524 desideratur.

229 2586 332 2658 ltaque
351 2590 468 2659 reputes
489 2583 559 2643 mihi
576 2599 614 2642 an
634 2584 699 2657 ipsa
719 2584 769 2642 illa
790 2584 879 2643 moles
905 2583 986 2643 verbi
1003 2584 1197 2658 Amphiareae
1223 2588 1310 2648 errori

143 2688 327 2746 librariorum
355 2687 504 2747 debeatur.
534 2685 629 2745 Possit
656 2686 732 2744 enim
755 2686 880 2761 Amph,
909 2701 965 2757 quo
992 2701 1027 2745 ca
1053 2687 1163 2763 incipit,
1186 2704 1222 2749 ex
1242 2689 1307 2763 ipso,

145 2789 221 2862 quod
243 2789 384 2864 desidero,
406 2798 528 2847 tamea
550 2793 644 2846 ortum
666 2803 738 2847 esse.

228 2909 338 2986 Quodsi
366 2911 488 2983 constet,
516 2908 546 2966 hi
574 2906 691 2981 syllabis
721 2920 794 2978 quae
823 2909 977 2977 supersunt
1005 2924 1094 2964 areae
1116 2921 1219 2966 nornen
1241 2905 1300 2966 illud

145 3012 318 3072 adiectivum
339 3012 421 3086 latet,
443 3026 499 3082 quo
521 3009 689 3082 indigemus.
716 3008 779 3068 Hoc
797 3012 894 3067 antem
912 3007 1085 3066 adiectivum
1103 3010 1233 3082 suspicor
1249 3022 1300 3068 esse

147 3115 270 3192 Argeae,
300 3111 377 3185 quod
396 3109 458 3172 iere
478 3111 555 3171 idem
576 3111 653 3172 valet
674 3115 761 3183 atque
782 3108 986 3184 Amphiareae,
1015 3109 1149 3170 nimirum
1179 3111 1298 3184 quoniam

144 3215 338 3290 Amphiaraus
360 3215 483 3287 Argivus
505 3218 577 3273 erat.
599 3213 696 3274 Habes
717 3212 806 3285 igitur
827 3225 941 3270 versum
961 3209 1053 3269 hunc:

229 3317 294 3377 Non
316 3322 413 3376 tamen
434 3316 549 3389 Argeae
570 3317 683 3390 prosint
704 3314 758 3374 tibi
777 3313 840 3374 fata
861 3311 1028 3386 quadrigae,

144 3420 194 3492 qui
215 3425 245 3478 et
266 3419 425 3480 sententiae
447 3419 581 3478 carminis
604 3424 633 3479 et
650 3419 694 3478 rei
709 3417 846 3476 metricae
867 3419 896 3473 ct
914 3415 978 3473 usui
996 3413 1187 3489 Propertiano
1206 3416 1298 3491 optime

143 3520 291 3581 satisfacit.
318 3548 356 3560 -

354 3623 401 3682 Ex
424 3622 561 3683 adverbio
590 3619 742 3692 ,forsitan‘
768 3620 876 3695 pendet
897 3619 1084 3679 indicativus:

186 3728 226 3803 II,
249 3728 278 3803 9,
294 3728 351 3785 22:
376 3725 530 3801 ,Forsitan
551 3730 580 3784 et
601 3724 637 3784 de
659 3739 704 3783 me
725 3722 814 3796 verba
836 3722 944 3782 fuere
966 3718 1071 3780 mala“.

190 3831 238 3903 15,
261 3830 315 3887 54:
343 3827 496 3898 ,Forsitan
518 3825 659 3886 includet
680 3826 806 3885 crastina
825 3822 887 3884 fate
910 3822 987 3883 dies¹⁴

188 3947 244 4004 quo
265 3933 329 3990 loco
351 3931 461 4005 speciae
481 3930 654 3989 coniunctivi
673 3927 823 3988 exhibetur
844 3933 974 4000 tempore
995 3924 1101 3985 futuro.

229 4034 257 4092 Is
277 4032 449 4092 indicativus
476 4032 549 4090 miro
580 4030 704 4103 quodam
726 4027 808 4089 codd.
833 4043 972 4087 consensu
994 4026 1128 4088 traditor.
1162 4028 1259 4100 Quare
1286 4019 1327 4081 ill

146 4134 200 4195 cod
232 4134 425 4209 Neapolitano
455 4132 566 4194 duobus
593 4132 665 4193 loeis
691 4132 901 4192 coniunctivum
923 4129 980 4202 legi
1001 4145 1070 4189 eane
1092 4131 1155 4203 quis
1177 4131 1315 4192 mnemr
1327 4127 1333 4163 '·

187 4235 241 4315 111,
264 4239 314 4315 20,
336 4238 372 4296 6:
399 4235 551 4307 ,Forsitan
570 4235 621 4298 ille
641 4236 698 4296 alio
719 4239 820 4315 pectus
842 4247 940 4297 amore
959 4229 1092 4297 terat“.
