2894 5114
680 363 828 419 '24

223 542 312 613 quod:
337 548 368 600 at
389 542 518 603 iussisses
539 541 658 604 vellem“
681 545 814 616 quodque
835 560 888 603 nos
907 542 1041 603 dicimus:
1068 558 1117 613 ,so
1134 542 1257 609 hattast
1274 543 1317 604 du
1336 544 1397 606 decb

221 642 320 702 wohl.“
337 637 359 717 1)

481 999 510 1058 4.
532 1001 566 1060 In
588 1000 744 1059 enuntiatis
767 999 869 1072 quibus
892 999 1023 1070 quaestio
1044 1000 1130 1060 inest.

307 1166 346 1224 Ut
368 1168 482 1227 omnino
504 1173 603 1226 noster
624 1169 654 1226 in
675 1164 768 1226 forma
786 1167 985 1239 quaestionum
1004 1183 1075 1239 quas
1093 1176 1198 1230 vocant
1219 1171 1396 1237 dnscmrun

222 1283 313 1339 paene
327 1269 398 1326 nibil
408 1271 518 1343 proprii
534 1269 664 1342 praebet,
687 1270 728 1327 ita
750 1268 850 1328 modus
872 1267 971 1328 adeas
990 1270 1138 1343 pertinens
1160 1272 1345 1335 indicativus
1360 1281 1397 1343 ,cst

224 1369 353 1427 omnibus
384 1371 462 1429 locis.
493 1370 595 1447 Neque
623 1372 716 1429 minus
737 1373 766 1429 in
789 1370 1013 1445 quaestionibus,
1037 1372 1139 1444 quibus
1161 1373 1316 1438 dubitatio
1337 1393 1397 1438 con·

223 1471 339 1543 tinetur,
361 1473 436 1530 siout
457 1488 520 1531 mos
541 1477 585 1530 est
606 1473 731 1547 linguae,
753 1473 950 1532 coniunctivus
971 1473 1092 1544 legitur:
1115 1474 1171 1535 mb.
1197 1463 1251 1552 ld,
1275 1482 1313 1538 3:
1342 1481 1397 1551 ,Aa

105 1641 107 1645 ,
223 1573 347 1631 midisel
368 1571 479 1633 tonti?“
507 1574 545 1649 ΙΙ,
565 1577 593 1649 3,
612 1576 662 1648 33,
690 1594 756 1652 „epo
779 1594 853 1632 nunc
876 1572 999 1631 mirem
1030 1569 1128 1646 ,sim“.
1152 1576 1192 1652 ΙΙ,
1219 1581 1330 1654 6,19:
1354 1599 1396 1641 our

222 1675 343 1746 petam?
367 1678 416 1749 30,
441 1678 497 1735 23:
519 1675 629 1748 pudeat
649 1674 718 1734 me?
740 1675 794 1748 ΙΙΙ,
818 1678 843 1743 2,
862 1678 896 1733 7;
919 1672 1074 1733 miremur?

307 1777 417 1836 Tamen
445 1778 506 1836 eius
535 1776 721 1836 dubitationis
752 1775 922 1849 significatio
952 1778 1014 1835 sola
1041 1778 1136 1850 prima
1164 1780 1249 1840 verbi
1276 1799 1397 1857 persona

224 1880 364 1938 contineri
385 1879 506 1939 videtur.
529 1877 721 1948 Quamobrem
741 1893 854 1936 versum
871 1876 908 1946 Il,
929 1873 995 1952 34¹,
1024 1880 1062 1936 39
1080 1882 1265 1952 quaestionis
1279 1882 1396 1945 formam

224 1980 331 2038 habere
354 1997 438 2053 posse
459 1996 571 2052 negem,
594 1980 642 2050 qui
664 1979 705 2036 sie
727 1978 851 2037 traditus
874 1983 933 2037 est:

308 2081 373 2140 Non
394 2080 605 2155 Amphiaraeae
627 2080 739 2153 prosint
760 2078 813 2136 tibi
836 2077 896 2137 lata
919 2079 1085 2151 quadrigae.

310 2183 366 2242 Sed
386 2200 422 2243 ne
445 2182 621 2242 consuetudo
644 2182 759 2255 quidem
781 2182 873 2240 nostri
902 2187 955 2255 est,
979 2189 1011 2238 ut
1030 2183 1189 2242 enuntiatis
1212 2191 1396 2262 concessivis,

225 2302 298 2357 qnae
320 2287 444 2361 saepius,
464 2287 538 2344 siout
555 2289 585 2344 in
596 2285 651 2344 hoc
665 2286 800 2358 carmine,
822 2284 981 2357 complures
996 2283 1130 2358 deinceps
1146 2285 1299 2364 leguntur,
1316 2307 1398 2364 quae·

224 2389 344 2446 ationem
365 2389 544 2460 postmittut3
567 2385 603 2445 of.
626 2387 677 2444 hos
698 2387 793 2444 locos:

267 2490 291 2562 l,
316 2495 364 2563 14,
387 2494 419 2547 l:
443 2489 488 2547 Tu
509 2490 577 2547 licet
598 2487 728 2545 abiectus
751 2485 890 2546 Tiberina
910 2487 1035 2546 molliter
1057 2485 1136 2545 unda

448 2587 556 2648 Lesbia
574 2588 727 2647 Mentoreo
749 2588 815 2646 vina
837 2586 920 2647 bibos
943 2603 1038 2661 opere,

442 2690 483 2748 Et
504 2689 590 2748 modo
615 2732 621 2747 .
645 2732 651 2746 .
676 2732 683 2747 .
707 2689 819 2746 mireris
841 2704 957 2749 currere
980 2731 986 2745 .
1011 2733 1016 2744 .
1041 2731 1048 2746 .

447 2789 840 2849 Etmodo...ire...

448 3094 522 3152 Non
551 3101 668 3153 tamen
689 3095 759 3153 ista
783 3109 857 3152 meo
876 3093 1020 3151 valeant
1042 3090 1259 3151 contendere
1284 3097 1402 3156 amori.

268 3191 293 3266 Ι,
319 3196 366 3267 16,
387 3198 443 3253 ab:
467 3195 511 3254 Sit
531 3197 600 3254 licet
623 3202 653 3254 et
673 3212 743 3254 saxo
767 3195 923 3269 patientior
945 3195 995 3252 illa
1017 3193 1120 3253 Sicano

465 3297 509 3357 Sit
529 3298 598 3356 licet
621 3303 650 3357 et
672 3296 751 3357 ferro
774 3297 872 3356 dumor
894 3303 923 3356 et
945 3295 1079 3370 chalybe:

466 3398 540 3458 Non
555 3405 669 3458 tamen
686 3401 752 3458 illa
766 3416 846 3458 suos
861 3399 999 3472 poterit
1015 3410 1240 3470 compescere
1256 3403 1404 3476 ocellos,

228 3499 359 3557 similiter
381 3499 418 3572 ΙΙ,
442 3503 492 3575 20,
515 3504 532 3559 9
555 3517 615 3573 sqq.
640 3501 696 3574 ΙΙΙ,
719 3505 769 3575 22,
793 3505 810 3560 7
833 3516 895 3573 sqq.

312 3599 513 3661 Coniunctivus
539 3600 682 3676 ,prosint“
710 3603 799 3674 igitur
826 3600 871 3659 his
901 3600 1041 3674 exemplis
1070 3599 1219 3672 probatur,
1242 3601 1298 3659 sed
1322 3605 1404 3676 longe

229 3703 302 3759 alius
333 3708 376 3761 est
404 3719 489 3775 quam
511 3703 710 3763 haesitationis
736 3705 782 3763 vel
804 3703 1008 3763 dubitationis:
1030 3703 1127 3776 potuis
1147 3700 1266 3760 lenioris
1290 3703 1405 3765 dicendi

228 3803 351 3874 generis,
377 3802 413 3862 de
441 3819 497 3875 quo
526 3820 614 3879 supra
643 3804 752 3877 egimus
780 3799 820 3878 (p.
851 3798 915 3879 20).
947 3802 1023 3861 Eum
1055 3807 1154 3862 autam
1185 3802 1404 3868 coniunctiuun

229 3902 406 3962 Thebaidem
429 3905 538 3980 Lyncei
560 3910 668 3978 poetae
691 3906 820 3964 extitisse
838 3919 931 3975 neque
945 3902 1090 3963 affirmare
1106 3918 1198 3974 noque
1212 3918 1327 3976 negare
1344 3909 1405 3968 luce

320 4159 341 4223 ¹)
360 4162 487 4210 Similiter
511 4160 619 4211 Ovidius
647 4164 672 4211 ln
698 4162 758 4212 Mat.
774 4163 804 4225 V,
817 4163 865 4211 26:
895 4158 1171 4226 „Ouuabapraamled
1191 4163 1214 4210 aa·
1233 4160 1286 4212 tuot
1307 4178 1406 4228 mopso

230 4249 358 4308 viduata-r,
379 4252 416 4298 Eu
433 4252 488 4299 illis
508 4252 628 4317 scopulis,
647 4251 693 4299 ubi
711 4255 786 4300 erunt
806 4251 895 4317 affixo,
912 4249 1085 4314 pelteeae“.
