<?xml version="1.0" encoding="UTF-8"?>
<!DOCTYPE html PUBLIC "-//W3C//DTD XHTML 1.0 Transitional//EN"
    "http://www.w3.org/TR/xhtml1/DTD/xhtml1-transitional.dtd">
<html xmlns="http://www.w3.org/1999/xhtml" xml:lang="en" lang="en">
 <head>
  <title>
</title>
<meta http-equiv="Content-Type" content="text/html;charset=utf-8" />
  <meta name='ocr-system' content='tesseract 3.04.00' />
  <meta name='ocr-capabilities' content='ocr_page ocr_carea ocr_par ocr_line ocrx_word'/>
</head>
<body>
  <div class='ocr_page' id='page_1' title='image "./syntaxeosproper00spingoog_0033.png"; bbox 0 0 2894 5114; ppageno 0'>
   <div class='ocr_carea' id='block_1_1' title="bbox 708 353 750 412">
    <p class='ocr_par' dir='ltr' id='par_1_1' title="bbox 708 353 750 412">
     <span class='ocr_line' id='line_1_1' title="bbox 708 353 750 412; baseline 0 0"><span class='ocrx_word' id='word_1_1' title='bbox 708 353 750 412; x_wconf 74' lang='lat'>28</span> 
     </span>
    </p>
   </div>
   <div class='ocr_carea' id='block_1_2' title="bbox 481 638 976 735">
    <p class='ocr_par' dir='ltr' id='par_1_2' title="bbox 481 638 976 735">
     <span class='ocr_line' id='line_1_2' title="bbox 481 638 976 735; baseline 0.012 -39"><span class='ocrx_word' id='word_1_2' title='bbox 481 640 509 697; x_wconf 82' lang='lat'>2.</span> <span class='ocrx_word' id='word_1_3' title='bbox 532 638 565 735; x_wconf 91' lang='lat' dir='ltr'>In</span> <span class='ocrx_word' id='word_1_4' title='bbox 587 640 802 712; x_wconf 74' lang='lat' dir='ltr'>quaestionibus</span> <span class='ocrx_word' id='word_1_5' title='bbox 819 640 976 702; x_wconf 88' lang='lat' dir='ltr'>indirectis.</span> 
     </span>
    </p>
   </div>
   <div class='ocr_carea' id='block_1_3' title="bbox 141 819 1305 2625">
    <p class='ocr_par' dir='ltr' id='par_1_3' title="bbox 142 819 1305 1390">
     <span class='ocr_line' id='line_1_3' title="bbox 227 819 1305 904; baseline 0.012 -26"><span class='ocrx_word' id='word_1_6' title='bbox 227 819 261 879; x_wconf 94' lang='lat' dir='ltr'>In</span> <span class='ocrx_word' id='word_1_7' title='bbox 277 820 313 901; x_wconf 83' lang='lat' dir='ltr'>iis</span> <span class='ocrx_word' id='word_1_8' title='bbox 331 823 486 882; x_wconf 77' lang='lat' dir='ltr'><strong>enuntiatis</strong></span> <span class='ocrx_word' id='word_1_9' title='bbox 505 825 529 883; x_wconf 89' lang='lat' dir='ltr'>si</span> <span class='ocrx_word' id='word_1_10' title='bbox 543 830 642 884; x_wconf 92' lang='lat' dir='ltr'>noster</span> <span class='ocrx_word' id='word_1_11' title='bbox 658 824 845 885; x_wconf 86' lang='lat' dir='ltr'>indicativum</span> <span class='ocrx_word' id='word_1_12' title='bbox 862 834 993 904; x_wconf 79' lang='lat' dir='ltr'>usurpat,</span> <span class='ocrx_word' id='word_1_13' title='bbox 1010 829 1091 889; x_wconf 85' lang='lat' dir='ltr'>verbi</span> <span class='ocrx_word' id='word_1_14' title='bbox 1105 831 1238 902; x_wconf 78' lang='lat' dir='ltr'>regentis</span> <span class='ocrx_word' id='word_1_15' title='bbox 1251 847 1305 890; x_wconf 89' lang='lat' dir='ltr'>cum</span> 
     </span>
     <span class='ocr_line' id='line_1_4' title="bbox 144 922 1301 1004; baseline 0.01 -24"><span class='ocrx_word' id='word_1_16' title='bbox 144 922 293 982; x_wconf 89' lang='lat' dir='ltr'>enuntiato</span> <span class='ocrx_word' id='word_1_17' title='bbox 315 929 395 985; x_wconf 90' lang='lat' dir='ltr'>recto</span> <span class='ocrx_word' id='word_1_18' title='bbox 418 927 582 988; x_wconf 90' lang='lat' dir='ltr'>coniunctio</span> <span class='ocrx_word' id='word_1_19' title='bbox 603 927 757 988; x_wconf 79' lang='lat' dir='ltr'>admodum</span> <span class='ocrx_word' id='word_1_20' title='bbox 778 930 873 989; x_wconf 87' lang='lat' dir='ltr'>soluta</span> <span class='ocrx_word' id='word_1_21' title='bbox 894 935 939 990; x_wconf 87' lang='lat' dir='ltr'>eet</span> <span class='ocrx_word' id='word_1_22' title='bbox 959 930 1131 1003; x_wconf 79' lang='lat' dir='ltr'>cogitanda3</span> <span class='ocrx_word' id='word_1_23' title='bbox 1155 947 1233 1004; x_wconf 89' lang='lat' dir='ltr'>quae</span> <span class='ocrx_word' id='word_1_24' title='bbox 1248 947 1301 992; x_wconf 89' lang='lat' dir='ltr'>sen·</span> 
     </span>
     <span class='ocr_line' id='line_1_5' title="bbox 145 1026 1302 1107; baseline 0.009 -25"><span class='ocrx_word' id='word_1_25' title='bbox 145 1026 236 1084; x_wconf 88' lang='lat' dir='ltr'>tentia</span> <span class='ocrx_word' id='word_1_26' title='bbox 259 1026 464 1100; x_wconf 91' lang='lat' dir='ltr'>comprobatur</span> <span class='ocrx_word' id='word_1_27' title='bbox 484 1030 519 1089; x_wconf 85' lang='lat' dir='ltr'>iis</span> <span class='ocrx_word' id='word_1_28' title='bbox 541 1032 706 1105; x_wconf 89' lang='lat' dir='ltr'>enuntiatis,</span> <span class='ocrx_word' id='word_1_29' title='bbox 726 1047 799 1103; x_wconf 91' lang='lat' dir='ltr'>quae</span> <span class='ocrx_word' id='word_1_30' title='bbox 816 1030 924 1092; x_wconf 84' lang='lat' dir='ltr'>forma:</span> <span class='ocrx_word' id='word_1_31' title='bbox 946 1026 1158 1107; x_wconf 84' lang='lat' dir='ltr'>„nescio-quis“</span> <span class='ocrx_word' id='word_1_32' title='bbox 1179 1034 1302 1104; x_wconf 82' lang='lat' dir='ltr'>sunt3in</span> 
     </span>
     <span class='ocr_line' id='line_1_6' title="bbox 143 1124 1300 1208; baseline 0.009 -26"><span class='ocrx_word' id='word_1_33' title='bbox 143 1124 186 1183; x_wconf 90' lang='lat' dir='ltr'>bis</span> <span class='ocrx_word' id='word_1_34' title='bbox 209 1129 284 1185; x_wconf 92' lang='lat' dir='ltr'>enim</span> <span class='ocrx_word' id='word_1_35' title='bbox 305 1128 490 1190; x_wconf 90' lang='lat' dir='ltr'>indicativum</span> <span class='ocrx_word' id='word_1_36' title='bbox 511 1133 631 1204; x_wconf 81' lang='lat' dir='ltr'>legimus</span> <span class='ocrx_word' id='word_1_37' title='bbox 653 1131 723 1203; x_wconf 81' lang='lat' dir='ltr'>(mb.</span> <span class='ocrx_word' id='word_1_38' title='bbox 749 1137 795 1205; x_wconf 90' lang='grc'>11,</span> <span class='ocrx_word' id='word_1_39' title='bbox 821 1136 856 1203; x_wconf 85' lang='grc'>7;</span> <span class='ocrx_word' id='word_1_40' title='bbox 879 1133 918 1207; x_wconf 90' lang='lat' dir='ltr'>Il,</span> <span class='ocrx_word' id='word_1_41' title='bbox 941 1136 991 1208; x_wconf 82' lang='lat'>29,</span> <span class='ocrx_word' id='word_1_42' title='bbox 1017 1129 1080 1207; x_wconf 86' lang='lat'>14),</span> <span class='ocrx_word' id='word_1_43' title='bbox 1109 1148 1144 1191; x_wconf 93' lang='lat' dir='ltr'>ac</span> <span class='ocrx_word' id='word_1_44' title='bbox 1170 1133 1300 1192; x_wconf 80' lang='lat' dir='ltr'>nonnullis</span> 
     </span>
     <span class='ocr_line' id='line_1_7' title="bbox 147 1228 1300 1307; baseline 0.007 -21"><span class='ocrx_word' id='word_1_45' title='bbox 147 1228 262 1299; x_wconf 89' lang='lat' dir='ltr'>quidem</span> <span class='ocrx_word' id='word_1_46' title='bbox 289 1231 361 1290; x_wconf 87' lang='lat' dir='ltr'>locis</span> <span class='ocrx_word' id='word_1_47' title='bbox 391 1232 515 1307; x_wconf 90' lang='lat' dir='ltr'>acbedit,</span> <span class='ocrx_word' id='word_1_48' title='bbox 542 1233 619 1304; x_wconf 89' lang='lat' dir='ltr'>quod</span> <span class='ocrx_word' id='word_1_49' title='bbox 639 1235 768 1305; x_wconf 81' lang='lat' dir='ltr'>quaestio</span> <span class='ocrx_word' id='word_1_50' title='bbox 789 1231 910 1293; x_wconf 82' lang='lat' dir='ltr'>formam</span> <span class='ocrx_word' id='word_1_51' title='bbox 931 1236 1152 1295; x_wconf 83' lang='lat' dir='ltr'>constructionis</span> <span class='ocrx_word' id='word_1_52' title='bbox 1174 1236 1300 1295; x_wconf 84' lang='lat' dir='ltr'>relativae</span> 
     </span>
     <span class='ocr_line' id='line_1_8' title="bbox 142 1330 271 1390; baseline 0 -1"><span class='ocrx_word' id='word_1_53' title='bbox 142 1330 271 1390; x_wconf 81' lang='lat' dir='ltr'>exhibet:</span> 
     </span>
    </p>

    <p class='ocr_par' dir='ltr' id='par_1_4' title="bbox 184 1427 1299 1510">
     <span class='ocr_line' id='line_1_9' title="bbox 184 1427 1299 1510; baseline 0.005 -22"><span class='ocrx_word' id='word_1_54' title='bbox 184 1431 222 1506; x_wconf 90' lang='lat'>11,</span> <span class='ocrx_word' id='word_1_55' title='bbox 246 1429 311 1506; x_wconf 71' lang='lat' dir='ltr'>34b,</span> <span class='ocrx_word' id='word_1_56' title='bbox 334 1435 391 1492; x_wconf 82' lang='lat'>36:</span> <span class='ocrx_word' id='word_1_57' title='bbox 414 1427 536 1507; x_wconf 83' lang='lat' dir='ltr'>(referas</span> <span class='ocrx_word' id='word_1_58' title='bbox 555 1478 587 1494; x_wconf 86' lang='lat'>..</span> <span class='ocrx_word' id='word_1_59' title='bbox 610 1427 728 1508; x_wconf 81' lang='lat' dir='ltr'>)..ut</span> <span class='ocrx_word' id='word_1_60' title='bbox 745 1474 778 1492; x_wconf 84' lang='lat'>..</span> <span class='ocrx_word' id='word_1_61' title='bbox 802 1433 918 1494; x_wconf 79' lang='lat' dir='ltr'>Errat</span> <span class='ocrx_word' id='word_1_62' title='bbox 940 1441 969 1495; x_wconf 90' lang='lat' dir='ltr'>et</span> <span class='ocrx_word' id='word_1_63' title='bbox 989 1437 1053 1508; x_wconf 89' lang='lat' dir='ltr'>ipsa</span> <span class='ocrx_word' id='word_1_64' title='bbox 1075 1453 1139 1496; x_wconf 84' lang='lat' dir='ltr'>eucs</span> <span class='ocrx_word' id='word_1_65' title='bbox 1162 1437 1299 1510; x_wconf 81' lang='lat' dir='ltr'>decipit</span> 
     </span>
    </p>

    <p class='ocr_par' dir='ltr' id='par_1_5' title="bbox 246 1529 1296 1711">
     <span class='ocr_line' id='line_1_10' title="bbox 246 1529 449 1594; baseline 0.01 -2"><span class='ocrx_word' id='word_1_66' title='bbox 246 1533 338 1594; x_wconf 85' lang='lat' dir='ltr'>undas</span> <span class='ocrx_word' id='word_1_67' title='bbox 358 1529 449 1594; x_wconf 87' lang='lat' dir='ltr'>vias“.</span> 
     </span>
     <span class='ocr_line' id='line_1_11' title="bbox 248 1632 1296 1711; baseline -0.003 -18"><span class='ocrx_word' id='word_1_68' title='bbox 248 1636 304 1694; x_wconf 86' lang='lat'>78:</span> <span class='ocrx_word' id='word_1_69' title='bbox 327 1634 385 1708; x_wconf 84' lang='lat' dir='ltr'>(Tu</span> <span class='ocrx_word' id='word_1_70' title='bbox 398 1632 492 1707; x_wconf 87' lang='lat' dir='ltr'>canis)</span> <span class='ocrx_word' id='word_1_71' title='bbox 509 1678 536 1694; x_wconf 82' lang='lat'>..</span> <span class='ocrx_word' id='word_1_72' title='bbox 562 1636 642 1711; x_wconf 79' lang='lat' dir='ltr'>„Quo</span> <span class='ocrx_word' id='word_1_73' title='bbox 658 1650 740 1708; x_wconf 83' lang='lat' dir='ltr'>seges</span> <span class='ocrx_word' id='word_1_74' title='bbox 753 1636 783 1693; x_wconf 94' lang='lat' dir='ltr'>in</span> <span class='ocrx_word' id='word_1_75' title='bbox 798 1651 909 1711; x_wconf 90' lang='lat' dir='ltr'>campo,</span> <span class='ocrx_word' id='word_1_76' title='bbox 932 1651 989 1708; x_wconf 92' lang='lat' dir='ltr'>quo</span> <span class='ocrx_word' id='word_1_77' title='bbox 1011 1637 1115 1696; x_wconf 89' lang='lat' dir='ltr'>viret</span> <span class='ocrx_word' id='word_1_78' title='bbox 1135 1654 1191 1705; x_wconf 85' lang='lat' dir='ltr'>uva</span> <span class='ocrx_word' id='word_1_79' title='bbox 1213 1639 1296 1711; x_wconf 70' lang='lat' dir='ltr'>iugo,</span> 
     </span>
    </p>

    <p class='ocr_par' dir='ltr' id='par_1_6' title="bbox 187 1734 1296 1814">
     <span class='ocr_line' id='line_1_12' title="bbox 187 1734 1296 1814; baseline 0.002 -20"><span class='ocrx_word' id='word_1_80' title='bbox 187 1737 241 1812; x_wconf 92' lang='lat' dir='ltr'>lll,</span> <span class='ocrx_word' id='word_1_81' title='bbox 266 1739 294 1812; x_wconf 83' lang='lat'>5,</span> <span class='ocrx_word' id='word_1_82' title='bbox 314 1741 353 1796; x_wconf 78' lang='lat'>27</span> <span class='ocrx_word' id='word_1_83' title='bbox 375 1754 453 1811; x_wconf 82' lang='lat' dir='ltr'>sqq:</span> <span class='ocrx_word' id='word_1_84' title='bbox 477 1735 564 1810; x_wconf 74' lang='lat' dir='ltr'>(Tum</span> <span class='ocrx_word' id='word_1_85' title='bbox 578 1737 668 1797; x_wconf 88' lang='lat' dir='ltr'>libeat</span> <span class='ocrx_word' id='word_1_86' title='bbox 681 1734 858 1812; x_wconf 90' lang='lat' dir='ltr'>perdiscere)</span> <span class='ocrx_word' id='word_1_87' title='bbox 879 1738 961 1812; x_wconf 79' lang='lat' dir='ltr'>,Qua</span> <span class='ocrx_word' id='word_1_88' title='bbox 981 1739 1077 1798; x_wconf 85' lang='lat' dir='ltr'>venit</span> <span class='ocrx_word' id='word_1_89' title='bbox 1099 1740 1238 1814; x_wconf 86' lang='lat' dir='ltr'>exoriens,</span> <span class='ocrx_word' id='word_1_90' title='bbox 1251 1753 1296 1810; x_wconf 87' lang='lat' dir='ltr'>qm</span> 
     </span>
    </p>

    <p class='ocr_par' dir='ltr' id='par_1_7' title="bbox 247 1837 1294 2014">
     <span class='ocr_line' id='line_1_13' title="bbox 248 1837 1294 1913; baseline 0 -16"><span class='ocrx_word' id='word_1_91' title='bbox 248 1837 401 1913; x_wconf 81' lang='lat' dir='ltr'>deficit,</span> <span class='ocrx_word' id='word_1_92' title='bbox 420 1838 496 1898; x_wconf 91' lang='lat' dir='ltr'>unde</span> <span class='ocrx_word' id='word_1_93' title='bbox 516 1841 624 1899; x_wconf 87' lang='lat' dir='ltr'>coactis</span> <span class='ocrx_word' id='word_1_94' title='bbox 645 1839 955 1912; x_wconf 82' lang='lat' dir='ltr'>cornibusinplonum</span> <span class='ocrx_word' id='word_1_95' title='bbox 965 1845 1113 1900; x_wconf 86' lang='lat' dir='ltr'>menstrua</span> <span class='ocrx_word' id='word_1_96' title='bbox 1124 1841 1192 1899; x_wconf 88' lang='lat' dir='ltr'>luna</span> <span class='ocrx_word' id='word_1_97' title='bbox 1208 1839 1294 1912; x_wconf 89' lang='lat' dir='ltr'>redit,</span> 
     </span>
     <span class='ocr_line' id='line_1_14' title="bbox 247 1940 984 2014; baseline -0.001 -15"><span class='ocrx_word' id='word_1_98' title='bbox 247 1940 330 1999; x_wconf 86' lang='lat' dir='ltr'>Unde</span> <span class='ocrx_word' id='word_1_99' title='bbox 352 1941 413 1999; x_wconf 86' lang='lat' dir='ltr'>salo</span> <span class='ocrx_word' id='word_1_100' title='bbox 436 1946 574 2014; x_wconf 87' lang='lat' dir='ltr'>superant</span> <span class='ocrx_word' id='word_1_101' title='bbox 595 1941 682 1998; x_wconf 88' lang='lat' dir='ltr'>venti.</span> <span class='ocrx_word' id='word_1_102' title='bbox 982 1945 984 1948; x_wconf 79' lang='grc'>’</span> 
     </span>
    </p>

    <p class='ocr_par' dir='ltr' id='par_1_8' title="bbox 141 2033 1291 2318">
     <span class='ocr_line' id='line_1_15' title="bbox 183 2033 1291 2118; baseline -0.001 -18"><span class='ocrx_word' id='word_1_103' title='bbox 183 2042 236 2100; x_wconf 88' lang='lat'><em>111.</em></span> <span class='ocrx_word' id='word_1_104' title='bbox 261 2044 382 2115; x_wconf 85' lang='lat'>19,18:</span> <span class='ocrx_word' id='word_1_105' title='bbox 406 2033 492 2116; x_wconf 83' lang='lat' dir='ltr'>(quid</span> <span class='ocrx_word' id='word_1_106' title='bbox 514 2039 649 2113; x_wconf 82' lang='lat' dir='ltr'>referam)</span> <span class='ocrx_word' id='word_1_107' title='bbox 673 2085 679 2099; x_wconf 92' lang='lat'>.</span> <span class='ocrx_word' id='word_1_108' title='bbox 702 2083 708 2097; x_wconf 93' lang='lat'>.</span> <span class='ocrx_word' id='word_1_109' title='bbox 733 2056 790 2112; x_wconf 92' lang='lat' dir='ltr'>quo</span> <span class='ocrx_word' id='word_1_110' title='bbox 811 2047 940 2114; x_wconf 84' lang='lat' dir='ltr'>tempore</span> <span class='ocrx_word' id='word_1_111' title='bbox 961 2043 1062 2102; x_wconf 84' lang='lat' dir='ltr'>matris</span> <span class='ocrx_word' id='word_1_112' title='bbox 1143 2043 1236 2118; x_wconf 79' lang='lat' dir='ltr'>„Iram</span> <span class='ocrx_word' id='word_1_113' title='bbox 1253 2057 1291 2100; x_wconf 89' lang='lat' dir='ltr'>ne·</span> 
     </span>
     <span class='ocr_line' id='line_1_16' title="bbox 141 2137 1289 2217; baseline 0 -17"><span class='ocrx_word' id='word_1_114' title='bbox 141 2147 236 2202; x_wconf 90' lang='lat' dir='ltr'>torum</span> <span class='ocrx_word' id='word_1_115' title='bbox 258 2143 347 2202; x_wconf 92' lang='lat' dir='ltr'>caede</span> <span class='ocrx_word' id='word_1_116' title='bbox 368 2144 495 2217; x_wconf 86' lang='lat' dir='ltr'>piavit</span> <span class='ocrx_word' id='word_1_117' title='bbox 517 2137 636 2203; x_wconf 73' lang='lat' dir='ltr'>amor?“</span> <span class='ocrx_word' id='word_1_118' title='bbox 684 2143 795 2203; x_wconf 80' lang='lat' dir='ltr'>Ceteris</span> <span class='ocrx_word' id='word_1_119' title='bbox 821 2144 892 2203; x_wconf 85' lang='lat' dir='ltr'>locis</span> <span class='ocrx_word' id='word_1_120' title='bbox 926 2146 1058 2216; x_wconf 87' lang='lat' dir='ltr'>quaestio</span> <span class='ocrx_word' id='word_1_121' title='bbox 1079 2142 1164 2204; x_wconf 82' lang='lat' dir='ltr'>facile</span> <span class='ocrx_word' id='word_1_122' title='bbox 1185 2161 1203 2204; x_wconf 96' lang='grc'>1</span> <span class='ocrx_word' id='word_1_123' title='bbox 1222 2143 1289 2205; x_wconf 84' lang='lat' dir='ltr'>verbo</span> 
     </span>
     <span class='ocr_line' id='line_1_17' title="bbox 141 2243 1288 2318; baseline -0.002 -16"><span class='ocrx_word' id='word_1_124' title='bbox 141 2249 260 2317; x_wconf 82' lang='lat' dir='ltr'>regente</span> <span class='ocrx_word' id='word_1_125' title='bbox 282 2246 441 2318; x_wconf 81' lang='lat' dir='ltr'>seiungitur</span> <span class='ocrx_word' id='word_1_126' title='bbox 461 2251 492 2304; x_wconf 89' lang='lat' dir='ltr'>et</span> <span class='ocrx_word' id='word_1_127' title='bbox 510 2246 539 2304; x_wconf 90' lang='lat' dir='ltr'>in</span> <span class='ocrx_word' id='word_1_128' title='bbox 561 2243 682 2305; x_wconf 85' lang='lat' dir='ltr'>formam</span> <span class='ocrx_word' id='word_1_129' title='bbox 704 2244 832 2304; x_wconf 86' lang='lat' dir='ltr'>directae</span> <span class='ocrx_word' id='word_1_130' title='bbox 856 2261 941 2316; x_wconf 89' lang='lat' dir='ltr'>quam</span> <span class='ocrx_word' id='word_1_131' title='bbox 957 2252 1062 2304; x_wconf 88' lang='lat' dir='ltr'>vocant</span> <span class='ocrx_word' id='word_1_132' title='bbox 1076 2248 1195 2317; x_wconf 85' lang='lat' dir='ltr'>transit3</span> <span class='ocrx_word' id='word_1_133' title='bbox 1211 2247 1288 2316; x_wconf 89' lang='lat' dir='ltr'>itaque</span> 
     </span>
    </p>

    <p class='ocr_par' dir='ltr' id='par_1_9' title="bbox 183 2347 1197 2524">
     <span class='ocr_line' id='line_1_18' title="bbox 246 2347 1171 2435; baseline 0 -30"><span class='ocrx_word' id='word_1_134' title='bbox 246 2347 418 2406; x_wconf 82' lang='lat' dir='ltr'>indicativus</span> <span class='ocrx_word' id='word_1_135' title='bbox 438 2347 517 2406; x_wconf 88' lang='lat' dir='ltr'>haud</span> <span class='ocrx_word' id='word_1_136' title='bbox 538 2348 643 2406; x_wconf 93' lang='lat' dir='ltr'>iniuria</span> <span class='ocrx_word' id='word_1_137' title='bbox 664 2353 835 2421; x_wconf 85' lang='lat' dir='ltr'>usurpatur:</span> <span class='ocrx_word' id='word_1_138' title='bbox 1166 2424 1171 2435; x_wconf 93' lang='lat'>.</span> 
     </span>
     <span class='ocr_line' id='line_1_19' title="bbox 183 2441 1197 2524; baseline -0.004 -18"><span class='ocrx_word' id='word_1_139' title='bbox 183 2448 239 2507; x_wconf 88' lang='lat' dir='ltr'>mb.</span> <span class='ocrx_word' id='word_1_140' title='bbox 266 2453 315 2524; x_wconf 84' lang='lat'>17,</span> <span class='ocrx_word' id='word_1_141' title='bbox 335 2452 371 2508; x_wconf 83' lang='lat'>6:</span> <span class='ocrx_word' id='word_1_142' title='bbox 400 2450 531 2524; x_wconf 66' lang='lat' dir='ltr'>,Aspice</span> <span class='ocrx_word' id='word_1_143' title='bbox 554 2464 640 2519; x_wconf 90' lang='lat' dir='ltr'>quam</span> <span class='ocrx_word' id='word_1_144' title='bbox 662 2464 762 2508; x_wconf 86' lang='lat' dir='ltr'>saevas</span> <span class='ocrx_word' id='word_1_145' title='bbox 784 2450 963 2521; x_wconf 86' lang='lat' dir='ltr'>increpat</span> <span class='ocrx_word' id='word_1_146' title='bbox 983 2464 1054 2507; x_wconf 88' lang='lat' dir='ltr'>aura</span> <span class='ocrx_word' id='word_1_147' title='bbox 1075 2441 1197 2506; x_wconf 90' lang='lat' dir='ltr'>minas“.</span> 
     </span>
    </p>

    <p class='ocr_par' dir='ltr' id='par_1_10' title="bbox 186 2543 1216 2625">
     <span class='ocr_line' id='line_1_20' title="bbox 186 2543 1216 2625; baseline 0 -19"><span class='ocrx_word' id='word_1_148' title='bbox 186 2549 225 2624; x_wconf 89' lang='lat' dir='ltr'>Il,</span> <span class='ocrx_word' id='word_1_149' title='bbox 250 2551 298 2625; x_wconf 90' lang='grc'>16,</span> <span class='ocrx_word' id='word_1_150' title='bbox 321 2552 378 2608; x_wconf 84' lang='lat'>29:</span> <span class='ocrx_word' id='word_1_151' title='bbox 405 2550 537 2623; x_wconf 65' lang='lat' dir='ltr'>,Aspice</span> <span class='ocrx_word' id='word_1_152' title='bbox 560 2549 629 2621; x_wconf 90' lang='lat' dir='ltr'>quid</span> <span class='ocrx_word' id='word_1_153' title='bbox 651 2549 732 2608; x_wconf 86' lang='lat' dir='ltr'>donis</span> <span class='ocrx_word' id='word_1_154' title='bbox 754 2547 894 2623; x_wconf 87' lang='lat' dir='ltr'>Eriphyla</span> <span class='ocrx_word' id='word_1_155' title='bbox 916 2550 1060 2610; x_wconf 84' lang='lat' dir='ltr'>invenit</span> <span class='ocrx_word' id='word_1_156' title='bbox 1081 2543 1216 2608; x_wconf 87' lang='lat' dir='ltr'>amarie“.</span> 
     </span>
    </p>
   </div>
   <div class='ocr_carea' id='block_1_4' title="bbox 569 2792 876 2806">
    <p class='ocr_par' dir='ltr' id='par_1_11' title="bbox 569 2792 876 2806">
     <span class='ocr_line' id='line_1_21' title="bbox 569 2792 876 2806; baseline 0.003 -4"><span class='ocrx_word' id='word_1_157' title='bbox 569 2792 876 2806; x_wconf 57' lang='lat' dir='ltr'>u-——nn—-p—-p</span> 
     </span>
    </p>
   </div>
   <div class='ocr_carea' id='block_1_5' title="bbox 844 2878 857 2951">
    <p class='ocr_par' dir='ltr' id='par_1_12' title="bbox 844 2878 857 2951">
     <span class='ocr_line' id='line_1_22' title="bbox 844 2878 857 2951; baseline 0 0"><span class='ocrx_word' id='word_1_158' title='bbox 844 2878 857 2951; x_wconf 79' lang='lat' dir='ltr'>l</span> 
     </span>
    </p>
   </div>
   <div class='ocr_carea' id='block_1_6' title="bbox 329 3019 1117 3094">
    <p class='ocr_par' dir='ltr' id='par_1_13' title="bbox 329 3019 1117 3094">
     <span class='ocr_line' id='line_1_23' title="bbox 329 3019 1117 3094; baseline 0 -14"><span class='ocrx_word' id='word_1_159' title='bbox 329 3021 356 3080; x_wconf 86' lang='grc'>3.</span> <span class='ocrx_word' id='word_1_160' title='bbox 378 3022 413 3080; x_wconf 91' lang='lat' dir='ltr'>In</span> <span class='ocrx_word' id='word_1_161' title='bbox 434 3022 588 3081; x_wconf 87' lang='lat' dir='ltr'>enuntiatis</span> <span class='ocrx_word' id='word_1_162' title='bbox 610 3019 852 3081; x_wconf 79' lang='lat' dir='ltr'>conditionalibus</span> <span class='ocrx_word' id='word_1_163' title='bbox 875 3036 949 3094; x_wconf 91' lang='lat' dir='ltr'>quae</span> <span class='ocrx_word' id='word_1_164' title='bbox 970 3025 1117 3080; x_wconf 83' lang='lat' dir='ltr'>vocantm.</span> 
     </span>
    </p>
   </div>
   <div class='ocr_carea' id='block_1_7' title="bbox 140 3206 1338 4314">
    <p class='ocr_par' dir='ltr' id='par_1_14' title="bbox 140 3206 1338 3900">
     <span class='ocr_line' id='line_1_24' title="bbox 228 3206 1338 3291; baseline -0.005 -25"><span class='ocrx_word' id='word_1_165' title='bbox 228 3209 289 3266; x_wconf 87' lang='lat' dir='ltr'>Iam</span> <span class='ocrx_word' id='word_1_166' title='bbox 311 3206 438 3267; x_wconf 87' lang='lat' dir='ltr'>breviter</span> <span class='ocrx_word' id='word_1_167' title='bbox 460 3210 613 3283; x_wconf 80' lang='lat' dir='ltr'>stringenti</span> <span class='ocrx_word' id='word_1_168' title='bbox 634 3209 779 3284; x_wconf 87' lang='lat' dir='ltr'>Propertii</span> <span class='ocrx_word' id='word_1_169' title='bbox 800 3210 907 3282; x_wconf 86' lang='lat' dir='ltr'>elegiae</span> <span class='ocrx_word' id='word_1_170' title='bbox 928 3207 1109 3283; x_wconf 87' lang='lat' dir='ltr'>perspicuum</span> <span class='ocrx_word' id='word_1_171' title='bbox 1130 3210 1196 3284; x_wconf 92' lang='lat' dir='ltr'>erit,</span> <span class='ocrx_word' id='word_1_172' title='bbox 1216 3210 1295 3269; x_wconf 90' lang='lat' dir='ltr'>locun</span> <span class='ocrx_word' id='word_1_173' title='bbox 1336 3254 1338 3291; x_wconf 68' lang='grc'>,</span> 
     </span>
     <span class='ocr_line' id='line_1_25' title="bbox 141 3311 1297 3386; baseline -0.006 -13"><span class='ocrx_word' id='word_1_174' title='bbox 141 3315 188 3373; x_wconf 93' lang='lat' dir='ltr'>hic</span> <span class='ocrx_word' id='word_1_175' title='bbox 213 3329 270 3372; x_wconf 93' lang='lat' dir='ltr'>non</span> <span class='ocrx_word' id='word_1_176' title='bbox 293 3328 354 3371; x_wconf 88' lang='lat' dir='ltr'>esse</span> <span class='ocrx_word' id='word_1_177' title='bbox 376 3314 589 3372; x_wconf 92' lang='lat' dir='ltr'>enuntiatorum</span> <span class='ocrx_word' id='word_1_178' title='bbox 611 3312 860 3386; x_wconf 81' lang='lat' dir='ltr'>conditionalium,</span> <span class='ocrx_word' id='word_1_179' title='bbox 884 3326 957 3384; x_wconf 92' lang='lat' dir='ltr'>quac</span> <span class='ocrx_word' id='word_1_180' title='bbox 977 3316 1079 3383; x_wconf 88' lang='lat' dir='ltr'>suapte</span> <span class='ocrx_word' id='word_1_181' title='bbox 1101 3317 1206 3371; x_wconf 90' lang='lat' dir='ltr'>natura</span> <span class='ocrx_word' id='word_1_182' title='bbox 1224 3311 1297 3372; x_wconf 84' lang='lat' dir='ltr'>latius</span> 
     </span>
     <span class='ocr_line' id='line_1_26' title="bbox 145 3409 1298 3490; baseline -0.004 -15"><span class='ocrx_word' id='word_1_183' title='bbox 145 3416 269 3490; x_wconf 90' lang='lat' dir='ltr'>epatium</span> <span class='ocrx_word' id='word_1_184' title='bbox 299 3415 439 3490; x_wconf 92' lang='lat' dir='ltr'>obtinent,</span> <span class='ocrx_word' id='word_1_185' title='bbox 468 3422 587 3489; x_wconf 90' lang='lat' dir='ltr'>propter</span> <span class='ocrx_word' id='word_1_186' title='bbox 615 3421 720 3489; x_wconf 79' lang='lat' dir='ltr'>poetae</span> <span class='ocrx_word' id='word_1_187' title='bbox 742 3416 894 3488; x_wconf 90' lang='lat' dir='ltr'>abruptum</span> <span class='ocrx_word' id='word_1_188' title='bbox 916 3420 946 3472; x_wconf 90' lang='lat' dir='ltr'>et</span> <span class='ocrx_word' id='word_1_189' title='bbox 966 3412 1053 3472; x_wconf 90' lang='lat' dir='ltr'>breve</span> <span class='ocrx_word' id='word_1_190' title='bbox 1075 3429 1165 3485; x_wconf 82' lang='lat' dir='ltr'>genus</span> <span class='ocrx_word' id='word_1_191' title='bbox 1188 3409 1298 3474; x_wconf 88' lang='lat' dir='ltr'>dicendi·</span> 
     </span>
     <span class='ocr_line' id='line_1_27' title="bbox 142 3515 1300 3590; baseline -0.003 -13"><span class='ocrx_word' id='word_1_192' title='bbox 142 3518 183 3577; x_wconf 85' lang='lat' dir='ltr'>Et</span> <span class='ocrx_word' id='word_1_193' title='bbox 204 3518 388 3576; x_wconf 90' lang='lat' dir='ltr'>inveniuntur</span> <span class='ocrx_word' id='word_1_194' title='bbox 409 3518 532 3576; x_wconf 85' lang='lat' dir='ltr'>maxime</span> <span class='ocrx_word' id='word_1_195' title='bbox 554 3519 625 3577; x_wconf 89' lang='lat' dir='ltr'>talia</span> <span class='ocrx_word' id='word_1_196' title='bbox 647 3517 788 3590; x_wconf 86' lang='lat' dir='ltr'>exempla,</span> <span class='ocrx_word' id='word_1_197' title='bbox 810 3517 840 3574; x_wconf 94' lang='lat' dir='ltr'>in</span> <span class='ocrx_word' id='word_1_198' title='bbox 859 3515 961 3587; x_wconf 89' lang='lat' dir='ltr'>quibus</span> <span class='ocrx_word' id='word_1_199' title='bbox 979 3522 1029 3574; x_wconf 92' lang='lat' dir='ltr'>aut</span> <span class='ocrx_word' id='word_1_200' title='bbox 1047 3517 1139 3574; x_wconf 92' lang='lat' dir='ltr'>altera</span> <span class='ocrx_word' id='word_1_201' title='bbox 1156 3533 1225 3590; x_wconf 92' lang='lat' dir='ltr'>pars</span> <span class='ocrx_word' id='word_1_202' title='bbox 1244 3529 1300 3577; x_wconf 91' lang='lat' dir='ltr'>oon·</span> 
     </span>
     <span class='ocr_line' id='line_1_28' title="bbox 141 3613 1304 3694; baseline -0.005 -15"><span class='ocrx_word' id='word_1_203' title='bbox 141 3620 263 3679; x_wconf 89' lang='lat' dir='ltr'>dicionis</span> <span class='ocrx_word' id='word_1_204' title='bbox 285 3622 435 3694; x_wconf 87' lang='lat' dir='ltr'>appareat,</span> <span class='ocrx_word' id='word_1_205' title='bbox 457 3621 550 3679; x_wconf 90' lang='lat' dir='ltr'>altera</span> <span class='ocrx_word' id='word_1_206' title='bbox 572 3621 760 3694; x_wconf 88' lang='lat' dir='ltr'>opprimatur,</span> <span class='ocrx_word' id='word_1_207' title='bbox 792 3624 843 3677; x_wconf 91' lang='lat' dir='ltr'>aut</span> <span class='ocrx_word' id='word_1_208' title='bbox 869 3618 999 3677; x_wconf 91' lang='lat' dir='ltr'>condicio</span> <span class='ocrx_word' id='word_1_209' title='bbox 1022 3618 1132 3676; x_wconf 88' lang='lat' dir='ltr'>duobus</span> <span class='ocrx_word' id='word_1_210' title='bbox 1154 3613 1304 3679; x_wconf 86' lang='lat' dir='ltr'>enuntiatis</span> 
     </span>
     <span class='ocr_line' id='line_1_29' title="bbox 140 3721 1308 3797; baseline 0 -15"><span class='ocrx_word' id='word_1_211' title='bbox 140 3724 295 3797; x_wconf 89' lang='lat' dir='ltr'>primariis,</span> <span class='ocrx_word' id='word_1_212' title='bbox 314 3737 387 3794; x_wconf 85' lang='lat' dir='ltr'>quae</span> <span class='ocrx_word' id='word_1_213' title='bbox 404 3722 536 3796; x_wconf 85' lang='lat' dir='ltr'>neglecto</span> <span class='ocrx_word' id='word_1_214' title='bbox 551 3735 630 3781; x_wconf 83' lang='lat' dir='ltr'>nexu</span> <span class='ocrx_word' id='word_1_215' title='bbox 642 3723 764 3781; x_wconf 93' lang='lat' dir='ltr'>alterum</span> <span class='ocrx_word' id='word_1_216' title='bbox 776 3722 860 3780; x_wconf 90' lang='lat' dir='ltr'>alteri</span> <span class='ocrx_word' id='word_1_217' title='bbox 872 3721 1105 3794; x_wconf 90' lang='lat' dir='ltr'>praemittuntur,</span> <span class='ocrx_word' id='word_1_218' title='bbox 1120 3721 1270 3782; x_wconf 88' lang='lat' dir='ltr'>contineat</span> <span class='ocrx_word' id='word_1_219' title='bbox 1301 3753 1308 3768; x_wconf 94' lang='lat'><strong>·</strong></span> 
     </span>
     <span class='ocr_line' id='line_1_30' title="bbox 140 3824 538 3900; baseline -0.008 -15"><span class='ocrx_word' id='word_1_220' title='bbox 140 3827 242 3899; x_wconf 92' lang='lat' dir='ltr'>Itaque</span> <span class='ocrx_word' id='word_1_221' title='bbox 264 3830 352 3900; x_wconf 77' lang='lat' dir='ltr'>poeta</span> <span class='ocrx_word' id='word_1_222' title='bbox 374 3841 431 3885; x_wconf 94' lang='lat' dir='ltr'>non</span> <span class='ocrx_word' id='word_1_223' title='bbox 453 3824 538 3883; x_wconf 91' lang='lat' dir='ltr'>dicit:</span> 
     </span>
    </p>

    <p class='ocr_par' dir='ltr' id='par_1_15' title="bbox 183 3915 1318 4106">
     <span class='ocr_line' id='line_1_31' title="bbox 183 3915 1318 4003; baseline -0.003 -17"><span class='ocrx_word' id='word_1_224' title='bbox 183 3929 239 3988; x_wconf 92' lang='lat' dir='ltr'>mb.</span> <span class='ocrx_word' id='word_1_225' title='bbox 266 3932 314 4003; x_wconf 91' lang='lat' dir='ltr'>ll,</span> <span class='ocrx_word' id='word_1_226' title='bbox 342 3930 398 3986; x_wconf 80' lang='lat'>27:</span> <span class='ocrx_word' id='word_1_227' title='bbox 433 3926 482 4002; x_wconf 84' lang='lat' dir='ltr'>,Si</span> <span class='ocrx_word' id='word_1_228' title='bbox 514 3925 602 3985; x_wconf 88' lang='lat' dir='ltr'>Baias</span> <span class='ocrx_word' id='word_1_229' title='bbox 633 3929 783 3997; x_wconf 88' lang='lat' dir='ltr'>corruptae</span> <span class='ocrx_word' id='word_1_230' title='bbox 818 3923 987 3997; x_wconf 87' lang='lat' dir='ltr'>deserueris,</span> <span class='ocrx_word' id='word_1_231' title='bbox 1010 3961 1047 3981; x_wconf 90' lang='lat'>..</span> <span class='ocrx_word' id='word_1_232' title='bbox 1081 3915 1214 3994; x_wconf 84' lang='lat' dir='ltr'>dicam“;</span> <span class='ocrx_word' id='word_1_233' title='bbox 1251 3917 1318 3986; x_wconf 65' lang='lat' dir='ltr'>sed²</span> 
     </span>
     <span class='ocr_line' id='line_1_32' title="bbox 250 4023 852 4106; baseline -0.008 -17"><span class='ocrx_word' id='word_1_234' title='bbox 250 4069 276 4106; x_wconf 85' lang='lat'>,.</span> <span class='ocrx_word' id='word_1_235' title='bbox 300 4076 305 4088; x_wconf 95' lang='lat'>.</span> <span class='ocrx_word' id='word_1_236' title='bbox 328 4031 431 4089; x_wconf 90' lang='lat' dir='ltr'>Dicam</span> <span class='ocrx_word' id='word_1_237' title='bbox 454 4073 460 4088; x_wconf 93' lang='lat'>.</span> <span class='ocrx_word' id='word_1_238' title='bbox 485 4071 491 4085; x_wconf 94' lang='lat'><strong><em>.</em></strong></span> <span class='ocrx_word' id='word_1_239' title='bbox 514 4033 546 4086; x_wconf 93' lang='lat' dir='ltr'>tu</span> <span class='ocrx_word' id='word_1_240' title='bbox 566 4026 652 4086; x_wconf 90' lang='lat' dir='ltr'>modo</span> <span class='ocrx_word' id='word_1_241' title='bbox 673 4026 774 4086; x_wconf 91' lang='lat' dir='ltr'>desere</span> <span class='ocrx_word' id='word_1_242' title='bbox 798 4068 805 4084; x_wconf 89' lang='lat'><strong>.</strong></span> <span class='ocrx_word' id='word_1_243' title='bbox 828 4023 852 4083; x_wconf 80' lang='lat'>.“</span> 
     </span>
    </p>

    <p class='ocr_par' dir='ltr' id='par_1_16' title="bbox 227 4112 1334 4205">
     <span class='ocr_line' id='line_1_33' title="bbox 227 4112 1334 4205; baseline -0.005 -13"><span class='ocrx_word' id='word_1_244' title='bbox 227 4133 309 4205; x_wconf 79' lang='lat' dir='ltr'>Quod</span> <span class='ocrx_word' id='word_1_245' title='bbox 327 4148 417 4205; x_wconf 85' lang='lat' dir='ltr'>genus</span> <span class='ocrx_word' id='word_1_246' title='bbox 431 4146 496 4190; x_wconf 93' lang='lat' dir='ltr'>cum</span> <span class='ocrx_word' id='word_1_247' title='bbox 513 4129 551 4189; x_wconf 94' lang='lat' dir='ltr'>ad</span> <span class='ocrx_word' id='word_1_248' title='bbox 562 4130 761 4202; x_wconf 89' lang='lat' dir='ltr'>imperativum</span> <span class='ocrx_word' id='word_1_249' title='bbox 773 4126 889 4188; x_wconf 94' lang='lat' dir='ltr'>modum</span> <span class='ocrx_word' id='word_1_250' title='bbox 902 4126 1047 4200; x_wconf 87' lang='lat' dir='ltr'>pertineat</span> <span class='ocrx_word' id='word_1_251' title='bbox 1060 4124 1186 4196; x_wconf 87' lang='lat' dir='ltr'>nihilque</span> <span class='ocrx_word' id='word_1_252' title='bbox 1202 4112 1334 4201; x_wconf 87' lang='lat' dir='ltr'>proprii</span> 
     </span>
    </p>

    <p class='ocr_par' dir='ltr' id='par_1_17' title="bbox 143 4225 1336 4314">
     <span class='ocr_line' id='line_1_34' title="bbox 143 4225 1336 4314; baseline -0.008 -22"><span class='ocrx_word' id='word_1_253' title='bbox 143 4233 295 4314; x_wconf 87' lang='lat' dir='ltr'>praebeat,</span> <span class='ocrx_word' id='word_1_254' title='bbox 318 4234 410 4297; x_wconf 88' lang='lat' dir='ltr'>adea</span> <span class='ocrx_word' id='word_1_255' title='bbox 431 4233 580 4298; x_wconf 85' lang='lat' dir='ltr'>enuntiata</span> <span class='ocrx_word' id='word_1_256' title='bbox 602 4231 811 4298; x_wconf 83' lang='lat' dir='ltr'>condicionalia</span> <span class='ocrx_word' id='word_1_257' title='bbox 832 4230 955 4293; x_wconf 89' lang='lat' dir='ltr'>transire</span> <span class='ocrx_word' id='word_1_258' title='bbox 975 4229 1053 4303; x_wconf 89' lang='lat' dir='ltr'>licet,</span> <span class='ocrx_word' id='word_1_259' title='bbox 1076 4225 1178 4303; x_wconf 88' lang='lat' dir='ltr'>quibus</span> <span class='ocrx_word' id='word_1_260' title='bbox 1199 4230 1336 4304; x_wconf 83' lang='lat' dir='ltr'>optatio</span> 
     </span>
    </p>
   </div>
   <div class='ocr_carea' id='block_1_8' title="bbox 0 0 1452 5114">
    <p class='ocr_par' dir='ltr' id='par_1_18' title="bbox 0 0 1452 5114">
     <span class='ocr_line' id='line_1_35' title="bbox 0 0 1452 5114; baseline 0 7"><span class='ocrx_word' id='word_1_261' title='bbox 0 0 1452 5114; x_wconf 95' lang='lat' dir='ltr'> </span> 
     </span>
    </p>
   </div>
  </div>
 </body>
</html>
