2918 4942
45 1580 49 1585 '
149 1527 198 1638 In
220 1579 316 1638 animo
343 1593 406 1636 cum
426 1582 512 1648 esset,
541 1574 747 1647 Propertianae
776 1581 928 1650 syntaxeos
951 1579 1047 1652 capita
1071 1579 1138 1657 dno,
1160 1596 1236 1652 quae

56 1696 132 1751 'sunt
154 1690 194 1750 de
215 1685 391 1760 temporibus
413 1689 444 1744 et
462 1682 564 1758 modis,
587 1688 726 1758 tractare,
748 1683 819 1743 haec
836 1686 959 1745 maxime
978 1688 1158 1761 respicienda
1177 1706 1240 1750 esse

47 1770 239 1883 ,putabant
257 1789 389 1863 primum,
420 1791 454 1844 ut
487 1786 691 1856 grammaticae
719 1801 804 1857 quam
832 1793 936 1846 vocant
966 1787 1120 1849 historicae
1151 1797 1239 1864 poeta

56 1895 200 1971 inprimis
231 1893 366 1952 obscurus
400 1894 430 1947 et
460 1887 541 1946 novis
575 1885 661 1946 rebus
693 1886 810 1946 studens
844 1888 1075 1962 adscriberetur3
1113 1906 1174 1969 qua
1203 1893 1239 1951 de

47 2015 165 2083 *causa
189 2011 245 2069 quo
271 1993 376 2053 clarius
397 1990 517 2064 propria
535 1988 617 2048 huius
643 1995 749 2063 poetae
771 2006 845 2063 quae
867 2000 962 2052 essent
984 2000 1246 2070 cognoscerentur·

55 2100 183 2174 saepius
205 2096 242 2155 ad
263 2093 422 2168 Vergilium
444 2093 516 2150 alios
538 2107 723 2151 recurreres
746 2109 778 2152 re
796 2092 873 2152 haud
890 2095 1014 2153 alienum
1036 2111 1099 2155 esse
1121 2099 1235 2168 censui;

54 2208 136 2275 tum,
168 2204 202 2258 ut
229 2198 265 2258 ad
296 2203 417 2270 textum,
446 2195 526 2253 cuius
548 2195 653 2252 malam
676 2194 872 2254 condicionem
896 2198 959 2269 quis
985 2203 1029 2256 est
1050 2200 1119 2269 quin
1140 2199 1239 2259 norit?

56 2301 279 2366 emendandum
317 2312 411 2371 pauca
449 2293 625 2366 conferrem3
672 2311 730 2354 non
774 2311 830 2367 quo
875 2298 928 2356 viri
965 2299 1123 2360 doctissimi
1157 2304 1239 2361 unius

55 2403 217 2479 Propertii
247 2407 357 2460 textum
377 2399 464 2473 plane
482 2398 677 2471 neglexerint:
699 2405 881 2470 magnumst
900 2399 976 2460 haud
993 2403 1104 2462 irritam
1122 2421 1239 2478 operam

41 2505 283 2576 Lachmannus,
305 2499 520 2574 Hertzbergius‚
542 2498 678 2574 lacobus,
708 2499 851 2574 Hauptius
882 2511 1032 2580 navarunt‚
1063 2512 1095 2565 nt
1124 2513 1154 2567 et
1174 2509 1239 2567 avia

56 2613 170 2683 poetae
198 2594 299 2663 'nostri
324 2604 426 2663 lectori
456 2603 601 2676 aperirent
632 2608 661 2661 et
690 2618 793 2676 aspera
822 2613 1034 2680 coaequarent3
1065 2608 1117 2668 sed
1145 2609 1239 2669 adhuc

56 2711 109 2784 qui
141 2684 231 2768 talia¹
250 2710 445 2781 susceperunt,
466 2705 550 2764 nimis
579 2704 780 2765 desiderarunt
812 2704 895 2765 firma
927 2724 1003 2781 quae
1030 2712 1153 2771 minimis
1175 2714 1237 2784 qni-

54 2812 175 2884 busque
203 2806 386 2883 explorandis
406 2810 513 2891 ppetaa
534 2807 657 2880 propriis
677 2807 873 2880 praebeantur
902 2807 1096 2872 fundamenta.
1134 2815 1238 2887 Itaque

56 2916 82 2974 ai
114 2913 159 2974 ad
194 2911 267 2970 haec
301 2907 475 2977 exstruenda
507 2907 619 2969 libellus
655 2915 752 2969 noster
788 2911 885 2983 adque
925 2915 1055 2975 attulerit
1088 2918 1236 2992 scripsisse

50 3014 213 3076 'auctorem
236 3029 294 3071 non
314 3009 483 3086 poenitebit.

479 3465 520 3545 t
570 3462 849 3566 Tempora

567 3637 736 3694 Praesens.

147 3767 299 3840 Quatenus
321 3765 491 3841 Propertius
512 3770 673 3841 praesentis
696 3767 833 3840 temporis
850 3763 943 3824 forme
960 3765 998 3824 ad
1015 3766 1142 3824 actiones
1160 3781 1237 3824 mere

63 3875 232 3944 praesentes
263 3867 466 3944 significandas
498 3858 572 3930 usus
603 3872 642 3930 sit
677 3870 791 3943 longius
825 3868 969 3942 explicare
1006 3869 1052 3928 vel
1086 3867 1165 3926 locos
1201 3882 1236 3926 eo

64 3973 244 4046 pertinentes
265 3985 445 4046 enumerare,
467 3972 535 4043 quie
556 3972 610 4032 hac
633 3985 665 4031 re
683 3987 740 4031 uon
756 3969 852 4030 differt
868 3986 886 4028 a
905 3971 1048 4030 communi
1065 3986 1119 4028 usu
1137 3974 1235 4044 pocta,

65 4089 122 4134 non
153 4073 268 4134 ridetur
296 4078 424 4132 nostrum
453 4089 523 4133 esse.
554 4076 683 4135 Aliorum
716 4090 783 4133 vero
813 4073 937 4133 notionis
966 4088 1111 4148 generum,
1134 4071 1236 4145 quibus

65 4181 115 4236 aut
139 4191 214 4250 quae
239 4176 358 4251 propria
385 4177 578 4253 sintpertus,
604 4183 655 4237 aut
676 4178 737 4236 eius
759 4175 903 4235 scribendi
924 4175 969 4236 vel
990 4174 1140 4250 cogitandi
1160 4174 1236 4234 ratio
1299 4248 1305 4256 ι

66 4277 236 4341 luculentius
256 4277 431 4354 declaratur,
454 4260 561 4340 mentio
583 4278 647 4340 fieri
668 4279 764 4340 debet.

44 4384 47 4389 .
1002 4370 1036 4435 1*
