2918 4942
807 388 846 442 14

245 560 385 641 „weced
410 547 613 640 inperfectum
637 562 736 643 „risit“
757 583 820 627 cum
834 569 977 640 particula
995 562 1060 643 „at“
1082 574 1193 630 mutata
1207 576 1303 630 erant.
1317 560 1419 648 Quam
1445 522 1453 612 ἶ

241 670 412 744 particulam
441 669 498 727 iam
528 671 583 743 ipsi
612 670 734 744 abrupto
756 671 845 730 totuis
862 671 922 730 loci
944 673 1043 744 generi
1062 671 1175 732 dicendi
1196 673 1282 746 plane
1305 667 1453 748 reputa-[⁰4

244 788 315 832 nare
337 774 400 844 quis
421 788 479 831 non
498 771 601 832 videt?
1099 817 1101 821 .
1407 758 1409 761 ⁵

282 875 331 950 IV,
355 877 482 949 9,1-3
505 873 774 948 Amphitryoniades
797 890 853 947 qua
876 865 1048 949 tempestate
1070 857 1204 936 iuvencos
1222 876 1380 949 Egerat
1396 895 1434 937 a·

344 976 516 1036 stabulis..
539 977 658 1036 Venit

282 1079 332 1155 IV,
355 1082 383 1155 9,
400 1078 457 1144 282:
480 1079 564 1138 Turis
586 1079 706 1139 odorato
729 1079 884 1138 luxerat
905 1079 971 1152 igne
988 1096 1056 1140 casa
1071 1123 1097 1140 ..
1113 1080 1279 1163 ornabat
1295 1081 1408 1142 aedem.

322 1182 406 1242 Hunc
426 1197 539 1254 quoque
561 1184 673 1240 versum
695 1197 784 1254 nuper
804 1183 847 1241 ita
866 1181 1072 1242 emendandum
1090 1199 1152 1243 esse
1173 1189 1359 1259 censuerunt,
1378 1191 1407 1246 ut

240 1300 292 1357 pro
313 1281 594 1357 plusquamperfecto
619 1277 770 1357 ,luxerat“
795 1283 953 1343 scriberent
976 1288 1045 1360 ,lca
1063 1280 1156 1344 erat“.
1181 1285 1238 1346 Sed
1258 1302 1318 1346 non
1338 1300 1416 1360 opus

241 1392 313 1460 erat,
332 1391 378 1444 tus
394 1392 534 1460 pepertuo
553 1386 684 1459 cremari,
703 1385 753 1444 sed
768 1386 855 1444 semel
871 1383 1077 1447 inflammatum
1096 1388 1183 1449 odore
1198 1405 1294 1448 casam
1306 1389 1406 1463 imple·

242 1494 350 1548 verat
367 1488 438 1563 jam,
468 1505 531 1547 oum
556 1494 653 1548 cetera
675 1488 842 1560 agebantur.
866 1488 968 1560 Itaque
991 1490 1189 1564 explicandum
1209 1496 1268 1551 est:
1294 1492 1405 1565 ,prius-

243 1606 329 1663 quam
350 1595 447 1650 cetera
469 1592 606 1650 solemnia
628 1590 797 1666 agebantur,
820 1596 866 1650 tus
889 1595 951 1650 erat
972 1598 1144 1665 crematum3
1168 1589 1200 1668 (i.
1220 1609 1245 1653 e.
1268 1591 1411 1661 luxerat.)

240 1694 371 1754 minime:
395 1693 462 1754 dum
483 1700 616 1768 aguntur,
632 1701 685 1788 ,tus
707 1686 933 1768 cremabatur1).

324 1797 381 1856 Sed
401 1794 531 1871 proiecto
553 1795 863 1871 plusquamperfectum
885 1814 942 1858 non
959 1797 1089 1858 omnibus
1105 1798 1185 1871 locis,
1200 1796 1248 1856 ubi
1266 1813 1320 1870 pro
1339 1811 1411 1870 per-

240 1895 315 1958 lecto
337 1900 449 1972 legitur,
471 1914 487 1956 e
509 1898 695 1972 dispositione
716 1904 876 1973 temporum
897 1901 1033 1975 explicari
1054 1915 1138 1974 posse
1161 1899 1360 1971 concedemus,
1379 1899 1416 1956 si

240 2016 338 2059 versus
359 2000 520 2059 huiusmodi
541 2001 741 2074 respiciemus:

281 2104 334 2176 ΙΙΙ,
356 2106 438 2177 8,1:
463 2103 578 2176 „Dulcis
603 2103 640 2160 ad
665 2103 813 2161 hesternas
844 2101 938 2163 fuerat
970 2104 1037 2162 mihi
1069 2106 1132 2163 rixa
1158 2096 1332 2175 lucernas“;
1355 2099 1429 2162 secl

239 2220 302 2263 cum
331 2205 377 2263 hio
408 2221 461 2279 pro
489 2202 618 2279 perfecto
648 2205 781 2278 suppleas
811 2205 840 2262 id
869 2211 990 2279 tempus,
1021 2221 1077 2276 quo
1106 2206 1274 2272 recordatus
1309 2211 1438 2265 noster

240 2309 319 2368 illam
339 2309 431 2368 rixam
452 2308 563 2367 dulcem
580 2306 666 2367 fuisse
683 2310 765 2380 quasi
780 2308 873 2368 denuo
893 2310 980 2367 sentit
992 2336 1029 2349 ·-
1046 2308 1119 2380 quae
1136 2308 1250 2380 quidem
1264 2309 1433 2368 memoris·

242 2427 326 2483 quam
351 2413 388 2470 sit
414 2410 509 2472 vivida
532 2413 619 2470 etiam
647 2411 822 2484 temporibus
850 2412 1048 2485 praesentibus
1073 2427 1205 2471 versuum
1226 2412 1453 2483 sequentior»

241 2520 362 2588 apparet
376 2519 531 2573 -contra
552 2516 582 2572 in
603 2532 629 2572 v.
651 2514 705 2588 ΙΙΙ,
730 2514 848 2587 18,15:

446 2614 575 2690 „Occidit
585 2620 615 2674 ct
628 2616 731 2676 misero
744 2621 916 2675 steterat
931 2615 1081 2688 vigesimus
1093 2607 1201 2674 annus“
1246 2621 1265 2661 t·

239 2715 548 2792 plusquamperfectum
574 2720 696 2778 maxime
725 2716 843 2777 offendit
868 2718 977 2777 animos
998 2718 1169 2792 legentium3
1192 2731 1260 2775 nam
1288 2717 1314 2775 si
1343 2717 1453 2788 qui&

240 2820 353 2892 occidit,
379 2837 443 2880 cum
466 2837 569 2880 occasu
593 2837 648 2896 „an
671 2838 723 2880 nus
752 2813 827 2879 stat“
852 2836 945 2898 neque
973 2827 1039 2881 ante
1060 2836 1191 2880 occasum
1212 2834 1306 2891 neque
1328 2825 1441 2893 post,

322 2921 637 2998 Plusquamperiectum
670 2939 686 2982 e
714 2922 913 2995 conjunctione
945 2916 1130 2997 “postquam“
1165 2922 1293 2997 pendens
1329 2914 1435 2995 quot!

239 3026 328 3084 semel
353 3026 481 3099 legimus,
508 3023 630 3084 formam
656 3025 716 3084 eius
745 3026 836 3098 magis
867 3030 965 3098 aptam
985 3033 1077 3085 metro
1098 3026 1187 3085 visam
1210 3041 1271 3084 esse
1294 3031 1409 3099 poetae

242 3127 369 3189 dicemus
391 3143 476 3201 quam
497 3126 671 3202 perfectum:

281 3230 331 3306 IV,
349 3233 378 3306 9,
396 3233 451 3291 63:
471 3232 528 3306 „At
545 3237 696 3305 postquam
714 3229 852 3288 exhausto
868 3228 927 3300 jam
947 3225 1061 3288 flumine
1079 3230 1231 3289 vicerat
1252 3233 1408 3287 aestum..

343 3335 452 3407 ponit
470 3334 537 3405 jnra
556 3375 589 3395 ..

323 3434 514 3495 Nihilominus
535 3441 630 3495 autem
652 3453 670 3494 a
691 3442 799 3508 nostro,
817 3433 840 3494 si
858 3436 919 3494 eius
932 3435 1060 3504 interest,
1079 3417 1112 3491 ut
1123 3432 1301 3492 celeritatem
1316 3433 1405 3506 signi·

240 3535 316 3613 ficet,
346 3555 393 3598 res
422 3545 518 3611 gestas
543 3540 673 3612 neglecto
694 3544 854 3612 temporum
876 3535 1038 3595 discrimine
1059 3532 1186 3609 perfecto
1207 3533 1307 3611 tribui,
1329 3540 1404 3597 tam·

240 3655 325 3712 quam
348 3639 449 3699 ecdem
469 3645 597 3713 tempore
617 3641 674 3698 sint
693 3637 798 3714 factae,
819 3655 876 3698 nou
896 3639 1047 3698 miramur:

281 3742 317 3814 ll,
342 3744 389 3813 29,
406 3735 516 3809 talto:
540 3742 664 3818 „Dixit
685 3747 715 3801 et
735 3741 867 3816 opposita
885 3783 916 3801 ..
949 3739 1053 3800 dextra
1083 3738 1227 3798 Prosilit
1253 3733 1404 3812 (praesens
1452 3818 1453 3826 ἵ

342 3845 509 3904 historicum
529 3844 605 3904 idem
626 3845 704 3905 valet
725 3861 760 3904 ac
781 3838 954 3919 perfectum)

966 4057 984 4088 θ

330 4119 351 4181 1)
371 4120 444 4170 Forte
456 4121 520 4168 mlbi
532 4119 650 4170 Ovidium
665 4122 798 4182 stringenti
814 4121 927 4170 eiusdem
939 4132 999 4167 usus
1012 4118 1117 4164 occurrit
1129 4117 1272 4177 exemplum
1284 4115 1346 4165 Met.
1361 4116 1404 4175 lv,

241 4211 264 4268 6,
279 4209 327 4257 tc:
347 4210 432 4258 -nisi
451 4210 517 4273 quod
537 4211 601 4259 lcvls
620 4225 678 4258 aura
690 4211 796 4271 capillos
810 4209 971 4269 Moverat,
987 4213 1011 4256 et
1024 4205 1110 4268 tepido
1124 4207 1291 4252 manabant
1305 4205 1405 4253 lumina
1438 4232 1441 4239 ι

239 4297 298 4346 fletu
313 4319 345 4331 -
358 4302 427 4347 ratus
446 4304 513 4348 esset
531 4333 537 4347 .
557 4334 583 4348 ..
