2894 5114
801 336 838 394 16

277 517 316 591 II,
340 520 388 591 13,
411 520 466 576 27:
502 518 563 592 ,Tu
598 537 665 580 vero
699 537 803 578 nuoum
837 526 937 593 pectus
967 521 1095 581 lacerata
1128 525 1316 596 sequeris
1347 524 1387 585 lla

284 656 300 711 s
341 616 461 678 fueris
482 621 559 679 lassa
581 668 587 680 .
613 668 618 681 .
642 624 739 682 oscula
760 638 881 695 pones

278 720 333 794 Ili,
357 724 386 796 3,
407 725 459 781 39:
487 723 662 799 ,Contentus
684 726 772 783 niveis
793 740 905 796 semper
934 725 1146 785 vectabere
1170 727 1277 800 cygnis
1299 727 1392 786 Neela

341 822 423 883 fortis
446 827 511 896 equi
534 827 649 885 ducet
672 827 709 885 ad
732 843 811 885 arma
833 843 919 884 sonus
941 871 947 884 .
971 869 978 882 .
1006 822 1018 850 “

279 926 329 1001 IV,
355 927 397 1002 lb,
419 931 495 986 137:
519 923 572 1001 (At
592 936 624 986 16
644 923 731 1003 finge)
752 973 786 987 ..
815 923 968 999 ,Militiam
990 930 1110 989 Veneris
1131 928 1251 989 blandis
1275 931 1391 1004 patiere

343 1027 394 1086 sub
417 1022 521 1087 armis“

239 1130 371 1188 nimirum
394 1129 448 1191 dea
468 1131 531 1204 ipsa
552 1136 657 1204 poetae
679 1132 757 1204 leges
778 1131 836 1191 dat.

670 1376 884 1386 ...Q
892 1380 973 1388 —.--

661 1595 811 1649 Futurum
830 1598 985 1653 exortum.

327 1778 1045 1854 Quodiaminterplusquamperfectitractationem
1053 1778 1396 1854 vidimus,dispositionm
1434 1797 1439 1814 ‘

245 1879 308 1939 dico
327 1886 487 1954 temporum
505 1888 535 1938 et
552 1881 634 1951 quasi
648 1881 764 1955 gradus,
782 1882 811 1940 id
828 1883 858 1939 in
873 1878 962 1940 futuri
975 1883 1069 1942 exacti
1083 1897 1196 1955 quoque
1209 1899 1265 1940 usu
1278 1889 1396 1957 spectare
1435 1883 1439 1916 r

241 1998 390 2055 possumus
421 1983 455 2040 116
485 1982 565 2055 16616,
591 1982 693 2053 quibus
722 1989 820 2042 noster
846 1985 1007 2044 accuratius
1030 2000 1116 2062 quam
1138 1984 1215 2057 apud
1239 1985 1319 2045 alios
1340 1985 1397 2046 solet
1434 1964 1439 2018 l

242 2083 315 2159 fieri,
345 2100 548 2156 nonnunquam
575 2085 748 2144 61166666
771 2085 925 2145 offensione
947 2086 1081 2162 quadam,
1103 2103 1149 2146 res
1170 2085 1288 2146 futuras
1312 2086 1397 2148 dividit
1435 2080 1439 2119 ⁵

242 2188 271 2245 16
292 2188 371 2260 prius
393 2193 424 2247 et
444 2189 585 2261 posterius
606 2184 733 2247 futuras:

285 2289 341 2348 mb.
363 2292 410 2364 16,
429 2291 483 2347 21:
499 2289 638 2364 „Nullane
652 2289 716 2350 finis
735 2291 811 2349 erit
829 2296 927 2349 nostro
941 2306 1100 2350 concessa
1121 2291 1325 2351 dolori-tristis
1342 2296 1395 2350 et..
1434 2282 1439 2322 ²

348 2408 462 2451 somnus
484 2391 596 2451 66111ιι

284 2493 323 2567 II,
347 2496 447 2568 5,10:
476 2494 524 2564 ,si
545 2493 627 2553 dolor
647 2491 815 2566 abluerit,
838 2493 933 2568 crede,
954 2493 1107 2554 redibit
1127 2493 1236 2556 amor.“

350 2903 411 2962 Nec
433 2903 486 2962 tibi
506 2904 530 2962 61
553 2904 650 2962 Persei
672 2905 838 2963 moverit
860 2904 906 2961 ala
926 2902 1052 2976 pedes¹⁴3
1073 2903 1239 2974 scitissime3

248 3022 312 3066 cum
334 3008 409 3065 enim
430 3011 534 3080 poetae
554 3007 584 3064 in
606 3007 700 3064 auimo
722 3013 797 3066 esset
819 3006 931 3065 dicere:

333 3109 410 3179 „Nec
424 3102 643 3180 si..veoteris“,
657 3125 693 3167 ne
711 3115 777 3168 acta
789 3115 889 3180 agaret
908 3106 985 3179 quod
1002 3108 1092 3181 aiunt,
1110 3124 1163 3181 pro
1177 3105 1226 3165 illo
1248 3099 1393 3181 ,66616616Ι

246 3210 364 3270 verbum
386 3209 518 3270 movendi
539 3212 703 3284 usurpavit3
720 3210 770 3269 sed
787 3212 811 3268 si
831 3211 894 3287 quis
912 3211 991 3269 volat
1008 3211 1053 3270 vel
1075 3215 1221 3280 ,vectatur
1237 3225 1290 3282 per
1309 3205 1396 3279 alisa',
1431 3193 1439 3235 ¹

246 3318 333 3372 antea
355 3313 412 3371 166
436 3313 552 3372 movit
573 3314 620 3372 ala
638 3312 735 3386 pedes.
1434 3309 1439 3388 J

287 3415 326 3489 Il,
344 3419 390 3490 13,
405 3417 460 3474 28:
481 3415 557 3485 ,Nec
568 3413 691 3475 fueris
705 3430 808 3473 nomen
820 3414 896 3472 lassa
907 3428 1010 3473 vocare
1021 3427 1234 3486 meum-pones
1246 3413 1361 3471 666616.
1372 3418 1412 3478 ..ς’

349 3517 461 3577 accedit
475 3518 531 3591 hic,
551 3517 628 3589 quod
646 3524 735 3592 poeta
755 3517 911 3575 certissime
926 3515 965 3588 id,
982 3513 1059 3592 quod
1072 3514 1223 3588 praedicit,
1243 3520 1401 3574 eventurum
1435 3497 1439 3552 l

350 3636 412 3679 esse
434 3618 575 3690 affirmat,
599 3635 672 3692 quae
693 3617 782 3678 futuri
804 3618 898 3677 exacti
919 3615 1089 3690 significatio
1112 3615 1188 3690 apud
1207 3616 1280 3675 alios
1298 3629 1403 3690 qnoque

349 3723 500 3797 invenitur,
522 3721 600 3782 velut
622 3721 702 3781 Gaes-
724 3721 789 3780 bell.
812 3720 878 3792 gall.
894 3719 942 3779 IV.
964 3719 1019 3777 25:
1043 3719 1185 3792 „officium
1198 3717 1403 3796 praestitero“.

288 3826 341 3902 Ill,
366 3828 414 3900 10,
433 3827 489 3884 29:
518 3824 604 3896 „Cum
626 3822 639 3883 f
645 3825 748 3884 uerit
769 3823 864 3883 multis
883 3827 1021 3882 exacta
1041 3822 1194 3881 trientibus
1208 3821 1291 3899 hora,
1309 3823 1408 3885 Noctis

352 3934 381 3990 ct
395 3928 543 3986 inst'tuet
554 3943 637 3986 saara
649 3928 778 3986 ministra
787 3924 914 3999 Venus“,
924 3925 1027 3984 Annua
1037 3925 1205 3984 solvamus
1217 3969 1222 3982 .
1233 3965 1240 3980 .
1251 3925 1413 3987 sollemnia.

289 4030 338 4105 IV,
363 4034 412 4104 11,
434 4029 473 4088 85
496 4045 572 4102 sqq.:
602 4029 659 4089 Seu
687 4036 785 4089 tamen
812 4013 1156 4088 adversum'mutarit
1185 4029 1270 4088 ianua
1298 4029 1413 4103 lectum,

351 4133 507 4193 Sedcrit
529 4140 558 4193 ct
583 4140 681 4193 nostro
712 4140 797 4193 cauta
825 4146 950 4192 noverca
975 4137 1070 4189 toro.
1096 4172 1101 4182 .
1126 4127 1219 4203 Capta
1248 4127 1414 4194 dabit..
1437 4208 1439 4215 Ι

352 4234 401 4292 illa
418 4252 525 4298 66666.
