2894 5114
630 420 664 475 11

189 603 257 680 ,Sic
279 619 331 664 uos
350 620 426 664 nuuc
446 603 549 678 inopes
570 601 663 662 laudis
685 600 877 661 conscendere
897 600 1008 660 culmen

187 705 367 780 Pauperibus
388 707 478 766 sacris
499 705 567 764 vilia
588 710 654 764 tura
677 703 786 764 dumus.

189 808 321 870 Nondum
343 810 419 869 anim
444 803 584 868 Ascraeos
606 812 712 866 norunt
733 822 797 868 mea
818 807 946 865 earmina
965 803 1068 879 fontes,

188 891 244 972 Sed
265 911 353 971 modo
374 912 516 972 Permessi
537 908 653 970 flumine
674 910 748 970 lavit
768 902 885 968 Amor.“

491 1145 794 1156 ------

485 1361 840 1430 Plusquamperfeetum.

145 1538 462 1614 Plusquamperfectum
493 1545 605 1614 tempus
639 1557 703 1601 eom
734 1542 764 1599 in
786 1541 886 1613 elegiis
920 1539 998 1599 baud
1031 1540 1118 1599 semel
1153 1539 1229 1597 vices

47 1643 223 1722 imperfecti
255 1649 284 1704 et
318 1640 438 1716 perfecti
470 1644 617 1718 suscipiat,
653 1648 862 1717 praetereoque
896 1642 1068 1702 creberrime
1090 1657 1141 1700 suo
1163 1642 1227 1700 loco

48 1749 233 1820 inveniatur,
251 1763 309 1805 non
326 1746 431 1805 iniuria
444 1744 652 1819 Propertianae
668 1746 800 1804 dictionis
814 1746 961 1818 proprium
980 1751 1105 1803 vocetur.
1130 1743 1227 1803 Scitis·

52 1854 135 1912 sime
159 1849 268 1909 duobus
289 1850 360 1908 locis
379 1846 687 1922 plusquamperfectum
700 1849 764 1907 loco
786 1845 1010 1921 imperfecti
1026 1847 1161 1919 legimus:
1179 1847 1229 1921 IV,

54 1959 88 2030 3,
113 1954 173 2013 45:
204 1952 362 2027 ,Romanis
397 1950 505 2008 utinam
532 1952 742 2028 potuissent
775 1961 875 2010 castro
912 1952 1076 2028 puellis-
1100 1951 1230 2008 Essem

51 2056 180 2116 militiae
211 2055 333 2112 sarcina
357 2054 425 2130 fida
457 2048 559 2124 toae“;
592 2058 682 2126 poeta
714 2056 788 2113 enim
815 2052 1093 2127 plusquamperfecto
1113 2067 1229 2125 morem,

53 2156 111 2231 qui
146 2160 179 2215 ut
197 2156 254 2214 iarn
285 2153 397 2229 pridem
432 2153 600 2214 observatus
634 2153 735 2217 fuisset
762 2158 792 2214 in
822 2157 896 2215 votis
924 2161 977 2230 est,
999 2153 1166 2228 imperfecto
1188 2153 1231 2229 id,

54 2257 141 2335 quod
175 2259 237 2333 ipse
268 2257 423 2317 secundum
455 2257 534 2316 illum
565 2274 673 2318 morem
708 2257 835 2317 fecturus
856 2257 943 2317 fuerit
964 2262 993 2316 et
1021 2258 1078 2315 iam
1110 2256 1229 2330 fuceret,

55 2361 213 2434 exprimit3
232 2359 282 2434 IV,
306 2361 334 2434 9,
353 2363 393 2418 44
415 2358 522 2434 ,Quod
541 2361 567 2417 si
581 2361 692 2418 Juoonc‘
711 2379 826 2419 sacrum
843 2361 1032 2431 faceretis
1052 2379 1174 2418 amarae
1191 2388 1228 2426 -,-

55 2465 132 2524 Noa
154 2462 381 2534 clausisset;
415 2477 481 2520 nam
504 2461 671 2535 Propertius
693 2479 757 2522 cum
779 2479 839 2535 eos,
872 2462 1038 2534 quibuscum
1060 2463 1130 2537 agit,
1159 2463 1230 2521 allo-

59 2564 171 2638 quitur,
193 2562 325 2621 Herculis
347 2564 506 2637 exemplum
528 2562 649 2624 afferens
674 2570 780 2637 monet,
805 2570 838 2622 ut
853 2565 956 2623 Iunoni
975 2580 1087 2623 sacrum
1104 2561 1229 2634 faciant3

59 2683 130 2728 cum
165 2671 260 2726 autem
290 2665 386 2725 dicere
415 2659 446 2723 in
468 2667 563 2725 animo
586 2673 653 2726 est.
677 2706 684 2721 .
709 2669 752 2742 ,si
772 2667 906 2727 faceretis
928 2711 934 2726 .
955 2711 961 2725 .
984 2683 1041 2726 non
1063 2660 1226 2726 clauderet“

56 2773 92 2830 in
112 2769 162 2828 illo
184 2768 316 2828 Herculis
334 2769 464 2841 exemplo
485 2774 614 2828 moratus
634 2768 664 2828 id
686 2769 781 2843 affert,
807 2770 884 2841 quod
906 2769 1032 2829 eiusdem
1054 2768 1229 2843 temporibus

61 2870 194 2932 futurum
215 2876 287 2943 erat,
311 2873 335 2930 si
356 2872 381 2929 is
402 2870 504 2930 Iunoni
525 2888 609 2930 sacra
629 2871 752 2931 fecisset.

150 2971 193 3031 De
207 2991 234 3032 v.
249 2972 302 3045 III,
325 2976 373 3046 13,
389 2975 439 3046 38,
458 2980 611 3046 postquam
633 2990 730 3032 versus
753 2981 782 3033 et
804 2973 1005 3033 antecedentes
1029 2979 1058 3032 et
1079 2978 1230 3044 sequentes

57 3094 130 3139 eum
165 3077 222 3135 iam
254 3091 341 3149 supra
372 3079 557 3136 tractavimus
569 3070 602 3150 1),
637 3077 683 3135 hic
715 3078 801 3136 liceat
831 3079 943 3148 integro
965 3091 1060 3147 agere.
1085 3074 1227 3147 Consulto,

57 3183 139 3240 sicut
170 3179 200 3236 in
233 3179 268 3236 iis
301 3179 449 3253 exemplis,
481 3196 555 3252 quae
588 3179 673 3239 modo
708 3180 902 3252 tractavimus,
935 3184 1033 3236 noster
1067 3179 1229 3251 plusquam·

56 3280 194 3358 perfecto
219 3281 317 3353 utitur,
349 3288 381 3339 nt
401 3281 550 3357 significet,
580 3285 636 3341 ism
659 3281 695 3340 ab
718 3282 920 3354 antiquissimis
941 3280 1118 3353 temporibus
1140 3297 1229 3353 usque

58 3384 103 3444 ad
135 3381 216 3456 illud,
250 3381 286 3441 de
320 3398 375 3454 quo
409 3385 470 3456 agit
502 3385 564 3457 ipse
586 3391 732 3456 tamquam
753 3381 888 3457 perfecto,
910 3397 1032 3456 poenam
1054 3399 1111 3442 non
1132 3381 1228 3458 fuisse,

56 3486 158 3548 nudas
178 3485 276 3545 videre
298 3484 375 3544 deas.

150 3585 462 3661 Plusquamperfectum
483 3585 657 3661 perfecti
678 3588 741 3647 loco
763 3588 876 3660 saepius
897 3588 927 3645 in
949 3586 1048 3659 elegiis
1069 3587 1229 3660 reperitur3

59 3695 232 3768 quantoque
263 3692 432 3764 accuratius,
467 3706 552 3762 quam
584 3691 634 3749 alii
658 3692 703 3750 vel
721 3696 827 3764 poetas
849 3692 894 3750 vel
914 3693 1070 3765 scriptores
1091 3691 1229 3751 orationis

56 3792 207 3870 pedestris
227 3792 397 3866 Propertius
419 3809 453 3853 eo
474 3799 604 3866 tempore
626 3811 693 3852 usus
711 3795 758 3869 sit,
778 3810 919 3866 quamque
936 3796 1084 3868 proprium
1101 3795 1161 3853 eius
1182 3795 1229 3867 sit,

57 3895 202 3969 actiones,
223 3911 295 3967 quas
311 3901 421 3968 narrat,
444 3895 598 3954 secundum
621 3897 849 3956 consecutionem
869 3903 1030 3971 temporum
1052 3897 1228 3970 singulorum

58 3999 227 4072 disponere,
261 4014 279 4056 a
300 3999 368 4056 viris
390 3998 494 4073 doctis,
526 4000 574 4071 qui
596 4005 707 4059 textum
728 4005 833 4073 poetae
854 4001 945 4058 nostri
965 4000 1150 4072 redegerunt,
1172 4015 1231 4057 non

59 4100 137 4161 satis
165 4100 341 4159 intellectum
373 4100 418 4160 vel
451 4101 604 4174 probatum
627 4108 689 4176 est;
719 4104 832 4180 saepius
856 4104 930 4163 enim
952 4102 989 4161 ab
1011 4103 1046 4160 iis
1067 4103 1129 4161 loco
1151 4103 1229 4175 plus·

57 4251 132 4262 ..--

154 4321 175 4384 1)
196 4321 231 4370 or.
249 4336 272 4385 p.
293 4327 317 4374 o.
