2918 4942
537 417 645 475 .1t

127 604 200 664 Item
222 609 354 691 tempora
372 599 593 673 contunduntur,
620 599 670 660 nbi
692 577 739 659 de¹
750 606 878 674 tempore
893 599 999 659 dicitnr
1017 601 1148 661 universo
1167 599 1211 659 rei

51 690 177 780 gatae:-

86 809 119 879 Π,
141 811 200 882 14,
216 801 285 875 7l8:
308 805 387 880 ,Nec
408 807 450 864 sic
470 806 630 865 incolumen
651 804 757 865 Minois
779 804 891 865 Thesea
912 804 1021 877 vidit,

123 909 301 970 Daedalium
327 909 386 968 lino
422 925 486 966 eum
513 907 586 968 duee
614 909 717 967 rexit
745 902 818 968 iter“
847 907 877 966 id
907 913 960 983 est,
986 928 1058 984 ,pao
1086 905 1212 983 tempore

54 1007 148 1084 tenid,
172 1013 221 1072 vel
244 1012 361 1088 „aliqua
377 1019 466 1088 parte
487 1015 547 1086 ejus
568 1011 713 1087 temporis,
735 1031 790 1086 quo
808 1053 815 1066 .
834 1005 859 1064 ·“

126 1115 233 1188 Ampta
257 1113 440 1187 Propertiani
470 1111 743 1186 plusquamperfecti
773 1117 892 1186 peracta
916 1113 1038 1171 materia
1058 1116 1212 1185 postquam

51 1230 131 1285 'anm
145 1217 189 1297 ab
200 1217 334 1276 'aliorum
355 1217 425 1275 satis
447 1217 571 1274 alienum
589 1217 783 1287 cognovimns,
798 1215 822 1273 si
841 1230 897 1287 qna
912 1216 1034 1287 vestigia
1049 1213 1125 1289 apud
1140 1214 1212 1272 alios

46 1336 159 1393 ¹puroque
180 1321 359 1380 inveniamus
380 1318 506 1378 eiusdem
529 1335 596 1376 usus
618 1323 840 1377 consentaneum
862 1317 975 1377 videtur
996 1319 1149 1390 inquirere.
1173 1315 1213 1375 Et

54 1438 118 1481 rane
137 1420 215 1496 apud
226 1420 385 1500 Vergilium
407 1421 465 1479 tale
485 1420 553 1492 qnid
574 1421 695 1480 inveniri
717 1425 797 1494 puto,
817 1436 874 1479 non
897 1421 926 1478 in
943 1420 1070 1479 Aeneide
1085 1419 1209 1491 quidem,

54 1526 127 1585 enine
142 1525 188 1583 rei
202 1523 265 1597 Ley
287 1524 369 1582 testis
389 1529 434 1582 est
443 1516 475 1598 ¹),
498 1522 549 1582 sed
571 1525 600 1581 in
622 1522 794 1582 carminibus
816 1523 938 1581 rusticis.
960 1522 1118 1596 Dispositio
1138 1523 1212 1581 enim

53 1634 208 1700 temporum
230 1627 344 1698 qualem
364 1627 393 1686 in
415 1627 513 1699 elegiis
535 1642 597 1687 esse
620 1625 875 1686 demonstravimus
890 1632 1003 1683 exstare
1018 1625 1086 1683 mihi
1100 1624 1213 1684 videtur

54 1722 366 1802 Georg.111,489l90:
380 1771 404 1787 ..
421 1738 490 1802 ,out
500 1729 528 1787 ei
542 1749 626 1804 putam
631 1729 723 1799 ferro
735 1735 949 1786 intentaverat
963 1736 1048 1784 ante
1063 1729 1213 1784 sacerdos·

54 1832 116 1891 iude
133 1851 224 1908 acque
246 1831 383 1906 impositis
404 1833 527 1890 ardent
546 1831 655 1889 attartu
669 1821 777 1908 fibris“
806 1872 838 1887 ..
872 1829 939 1888 Sine
959 1829 1017 1887 ullo
1039 1827 1125 1888 dubie
1147 1845 1211 1887 eum

54 1950 187 2008 praesens
202 1932 339 2008 ,erdent“
358 1951 410 2008 pro
433 1950 467 1992 eo
488 1949 593 2006 genere
613 1930 733 2007 perfecti
752 1935 797 2003 sit,
819 1948 875 2004 qno
897 1932 1132 1992 consuetudinem
1153 1933 1206 1990 ali·

52 2053 135 2109 onam
168 2034 330 2109 significare
357 2037 460 2110 solent,
489 2053 523 2094 eo
550 2036 692 2108 Vergilius
715 2036 751 2095 ab
779 2052 831 2094 usn
855 2037 996 2094 communi
1018 2036 1114 2108 cessit,
1138 2034 1214 2106 qnod

55 2140 168 2199 verbum
195 2139 336 2198 enuntiati
360 2138 522 2198 secundarii
550 2156 605 2199 non
631 2139 722 2198 eidem
749 2141 880 2213 tempori,
903 2136 1043 2212 perfecto,
1065 2138 1116 2197 sed
1137 2139 1214 2212 plns·

56 2239 266 2315 rmnpertocso
282 2239 424 2314 attribuit,
440 2239 516 2312 qnod
532 2242 618 2299 etiam
630 2239 767 2298 adverbio
783 2238 883 2310 ,ante“
900 2238 1092 2297 confirmatur.
1111 2239 1213 2311 Neque

56 2344 133 2404 diter
151 2345 219 2403 inv.
237 2343 291 2401 ecl.
311 2341 361 2417 IX,
379 2345 397 2401 7
411 2340 719 2416 plusquamperfectum
739 2341 918 2412 ,andierem“
937 2343 979 2400 ito
992 2342 1105 2400 videtur
1122 2343 1213 2415 expli·

55 2446 173 2506 eandum
193 2462 268 2519 esse,
298 2450 330 2503 nt
349 2450 460 2518 tempus
480 2442 638 2519 perfectum
660 2445 847 2517 supplendum
869 2447 907 2503 sit
927 2446 1005 2504 velut
1032 2444 1213 2518 ,prinsquam

55 2548 107 2608 buc
125 2551 223 2609 reni“.'

483 2713 786 2720 m-

554 2930 714 2986 Futurum.

133 3108 238 3167 Futuri
255 3109 334 3166 notio
353 3125 417 3167 cnm
437 3108 616 3181 conjunctivo
633 3109 775 3167 simillime
794 3111 831 3168 sit
847 3117 966 3184 propter
985 3115 1124 3173 incertam
1142 3117 1215 3182 utria

56 3211 302 3282 munerationem
324 3211 445 3269 alterum
467 3211 584 3270 alterius
605 3212 681 3270 vices
704 3212 836 3285 suscipit:

94 3313 143 3388 iv,
160 3315 186 3385 2,
203 3315 261 3372 32:
281 3312 428 3384 ,Furabor
443 3312 553 3372 Phoebi
567 3307 621 3388 (sc.
638 3308 782 3388 speciem),
800 3316 924 3375 simodo
940 3316 1210 3390 plectrudabis;“

59 3429 145 3486 nsque
166 3415 229 3474 loeo
251 3413 338 3475 dubio
359 3414 397 3487 II,
420 3410 483 3488 34¹³,
506 3415 544 3473 53
566 3414 692 3475 futurum
715 3412 773 3491 (vel
793 3415 919 3477 futurum
945 3425 1094 3492 euactnm;
1116 3427 1212 3480 utrum

58 3523 131 3577 recte
161 3517 275 3606 legatur
303 3519 332 3575 in
361 3517 456 3578 medio
485 3512 631 3595 relinquo)
657 3520 765 3592 aliquid
796 3519 959 3581 offensionis
985 3522 1087 3582 habet:
1120 3516 1216 3597 (nulla

58 3619 126 3679 tolet
154 3617 305 3696 quaerere)
336 3640 403 3690 „nec
431 3621 542 3698 sipost
563 3623 679 3699 Stppiae
701 3624 815 3700 aliquid
834 3628 1066 3685 custodimus
1088 3625 1215 3688 aodoe“.

61 3720 233 3782 comnnctivi
253 3723 376 3781 vicissim
399 3739 452 3795 pro
474 3721 570 3783 futuro
592 3725 739 3786 indicativi
760 3729 890 3800 usurpati
912 3729 1072 3802 exemplum
1093 3728 1215 3801 praebet

59 3840 80 3882 v.
96 3825 151 3900 III,
177 3827 224 3897 15,
241 3828 296 3884 46:
324 3828 382 3897 ,Te
403 3831 497 3886 solam
519 3837 545 3886 et
566 3828 649 3905 lippis
665 3828 787 3900 funeris
809 3839 888 3888 astos
910 3826 1038 3890 omemt“
1059 3831 1216 3890 Praeterea

58 3926 82 3986 id
98 3935 213 4002 tempus
230 3945 293 3987 cum
307 3928 514 4003 significatione
529 3931 691 4005 imperativi
701 3936 862 4004 nsnrpatnr,
882 3949 916 3993 eo
930 3939 1026 3994 temer
1042 3934 1213 4010 discrimine,

58 4035 85 4089 ut
102 4032 290 4106 imperativus
310 4033 402 4092 lenior
423 4035 535 4108 imperii
554 4032 647 4095 ferma
668 4036 713 4108 sit,
736 4035 851 4108 gravior
872 4033 1014 4096 futurum:

138 4238 162 4300 ¹)
180 4239 242 4301 Ley,
271 4240 472 4300 Vergiliouarnm
504 4247 609 4302 qnaestt.
637 4255 700 4302 spec.
729 4243 800 4304 prins
826 4243 855 4290 de
878 4248 1017 4308 temporum
1047 4255 1102 4292 usu.
1133 4256 1209 4310 progr

59 4325 149 4378 isarbr.
171 4329 246 4378 1877.

1299 4480 1380 4666 Ι

1434 4280 1450 4409 t
