2894 5114
631 375 673 433 25

58 563 171 622 clarius
198 568 251 622 est·
262 554 288 636 ¹)
331 560 377 621 Ad
398 559 544 633 Lynceum
572 562 694 620 amicum
712 557 857 630 Propertii
884 557 1011 630 pertinet
1036 555 1085 614 illc
1109 555 1196 614 locus.
1210 544 1234 625 ²)

60 665 94 724 Is
117 670 219 726 aetate
239 666 296 724 iarn
316 650 480 737 provectior
501 678 566 721 cum
588 661 740 736 Cynthiam
763 661 793 718 iu
815 659 969 733 hospitium
989 663 1137 731 receptam
1157 656 1234 716 mala

65 767 229 840 cupiditate
257 771 427 840 temptasset
447 770 601 824 accusatur
622 781 641 824 a
661 769 761 824 nostro
782 764 879 822 laesae
896 760 980 832 fidai;
1013 766 1045 820 at
1063 761 1147 821 venia
1164 758 1235 820 data

64 870 237 943 Propertius
259 869 409 927 occasione
430 864 553 926 feliciter
579 866 677 926 oblata
698 867 798 939 utitur,
827 869 859 922 nt
881 864 939 923 vim
960 864 1066 924 amoris
1086 862 1237 936 praedicat

66 976 100 1030 st
129 971 243 1045 Lynceo
271 971 379 1042 elegias
407 969 596 1044 commendet,
624 966 835 1042 philosophiam
863 972 894 1028 et
920 965 1034 1025 Musam
1062 965 1236 1025 severiorem
1290 971 1292 974 ’

65 1073 243 1159 dissuadeat,
266 1073 349 1130 simul
371 1071 486 1143 oblique
509 1073 652 1146 stringens
676 1087 740 1131 cum
763 1070 858 1130 verbis
881 1070 952 1129 satis
973 1068 1129 1140 ambiguis:

154 1175 221 1250 ,Nil
239 1177 320 1235 iuuat
341 1174 371 1232 in
391 1189 495 1247 magno
516 1180 615 1234 noster
636 1188 745 1234 amore·
762 1170 881 1247 scnex“,
908 1173 1014 1245 quippe
1042 1184 1117 1242 quac
1139 1174 1169 1227 et
1198 1167 1235 1227 ad

63 1277 239 1352 Aeschylum
267 1271 419 1347 (siquidem
449 1282 528 1336 recta
549 1277 656 1349 legitur
679 1268 845 1348 Ενωιιιιεί)
867 1279 897 1333 et
917 1273 955 1333 ad
975 1275 1069 1346 ipsum
1089 1270 1235 1346 Lynceum

63 1381 211 1456 pertinere
232 1383 361 1450 possunt.
384 1377 540 1437 Dissuadet
560 1383 657 1438 autem
678 1378 806 1437 aarmina
836 1374 953 1448 mandis
975 1375 1042 1449 styli
1058 1374 1103 1433 lris
1123 1371 1233 1432 verbis:

108 1500 135 1542 v:
160 1483 208 1540 33.
232 1478 296 1537 Iam
317 1495 417 1537 cursus
437 1479 506 1538 licet
526 1480 624 1539 Aetoli
645 1477 755 1538 referas
777 1477 907 1549 Acheloi,

233 1580 364 1639 Fluxerit
384 1586 419 1639 ut
439 1597 572 1654 magno
594 1586 689 1641 tactus
711 1596 833 1640 amore
854 1581 957 1652 liquor,

235 1684 332 1754 Atque
353 1683 442 1742 etiam
463 1688 497 1741 ut
517 1683 646 1760 Phrygio
668 1681 757 1742 fallax
776 1680 949 1740 Maeandria
972 1695 1075 1752 eampo

235 1783 325 1842 Errat
347 1785 462 1857 etipsa
483 1801 549 1843 suas
571 1785 678 1858 decipit
699 1783 776 1843 unda
796 1770 867 1855 vias,

235 1884 334 1957 Qualis
356 1891 387 1945 et
409 1886 529 1945 Adrasti
549 1885 637 1947 fuerit
657 1887 766 1946 vocalis
787 1886 877 1944 Arion

235 1988 343 2047 Tristia
365 1987 403 2047 ad
426 1989 597 2049 Archemori
619 1988 722 2049 funera
742 1990 835 2048 victor
860 2002 966 2064 equos:

233 2087 298 2148 Non
323 2085 515 2163 Amphiareae
539 2091 652 2163 prosint
674 2090 729 2150 tibi
749 2087 811 2149 fata
832 2088 990 2160 quadrigae
1009 2130 1017 2146 .
1037 2129 1066 2146 ..

152 2189 289 2252 Videmus
310 2191 377 2264 iarn,
408 2206 464 2263 quo
488 2192 589 2251 tendat
609 2193 711 2253 oratic.
741 2191 832 2250 Poeta
852 2190 1041 2260 demonstrat,
1063 2186 1236 2246 carminibus

64 2292 142 2349 illius
163 2294 277 2362 generis
299 2294 353 2351 etsi
374 2308 422 2352 res
444 2295 603 2352 amatoriae
624 2294 715 2351 interi
737 2297 852 2365 queant,
869 2297 966 2351 tamen
984 2291 1074 2350 multa
1091 2291 1149 2350 alia
1166 2306 1235 2349 eon·

61 2393 161 2466 tineri,
192 2408 266 2465 quae
295 2410 352 2453 non
381 2393 420 2454 ad
449 2410 575 2456 amorem
605 2395 770 2469 pertineant
799 2407 919 2466 eamque
947 2391 984 2451 ob
1012 2409 1128 2453 causam
1163 2408 1236 2463 „non

62 2493 208 2568 prosint“.

150 2595 208 2656 Sed
229 2593 372 2666 quomodo
389 2595 529 2668 legendus
551 2601 595 2655 est
616 2611 726 2672 versus,
749 2602 781 2656 ut
802 2603 896 2658 metro
916 2615 974 2658 non
994 2598 1132 2661 labatur?
1163 2598 1235 2660 Pro·

60 2695 141 2758 fecto
162 2714 221 2757 uon
241 2699 290 2769 ita,
314 2702 346 2756 ut
367 2697 491 2757 traditus
513 2703 558 2757 est

149 2798 216 2858 Non
236 2799 428 2873 Amphiareae
451 2800 563 2871 prosint
582 2800 636 2860 tibi
656 2799 719 2860 lata
741 2799 907 2873 quadrigas.

150 2899 252 2972 Neque
274 2916 341 2960 vero
362 2899 455 2959 forma
475 2901 668 2975 Amphiareae
691 2901 876 2963 offensionem
897 2901 1018 2976 praebet
1038 2902 1142 2973 ullom3
1169 2916 1235 2961 nam

59 3017 81 3060 e
102 2997 196 3060 forma
217 3002 338 3061 nominis
353 2982 549 3081 Ἀμφιάρης,
567 3020 652 3076 quam
668 3004 746 3077 apud
762 3004 920 3064 Pindarum
934 3004 1016 3064 Nem.
1035 3003 1088 3078 IX,
1106 3007 1145 3062 24
1162 3004 1236 3076 legis

58 3101 151 3162 facile
172 3103 210 3164 ad
243 3103 414 3163 adiectivum
435 3085 651 3185 Ἀμφιάρεως
671 3107 847 3182 pervenitur,
875 3123 910 3166 ex
929 3123 985 3179 quo
1007 3108 1143 3180 templum
1165 3107 1235 3164 Am-

57 3205 182 3280 phiarai
194 3205 232 3264 ad
244 3205 381 3282 Oropum,
396 3209 477 3267 cuius
494 3210 634 3282 reliquiae
648 3215 748 3268 nostro
766 3210 881 3269 saeculo
898 3215 1032 3282 repertae
1043 3213 1120 3284 sunt,
1131 3224 1236 3269 nomen

55 3289 282 3385 Ἀμφιάραον
311 3307 400 3366 duxit.

151 3410 253 3482 Itaque
276 3409 363 3469 lectio
385 3425 421 3469 ea
442 3409 534 3482 qualis
556 3407 682 3468 traditur
704 3413 868 3470 conservari
889 3417 997 3486 posset,
1026 3413 1051 3472 si
1070 3411 1182 3471 litteras
1205 3398 1235 3470 io

59 3527 122 3586 pro
149 3527 207 3570 una
240 3511 350 3585 syllaba
378 3512 464 3582 longa
486 3512 618 3584 accipere
639 3511 753 3586 liceret,
775 3518 808 3571 ut
829 3513 984 3573 secundam
1005 3517 1036 3574 in
1059 3533 1140 3575 rersn
1157 3517 1236 3574 arsin

55 3612 232 3685 explerent3
255 3628 340 3685 quam
362 3618 459 3671 tamen
481 3615 645 3686 opinionem
665 3613 743 3673 nullo
764 3613 869 3675 idoneo
891 3618 1022 3689 exemplo
1045 3615 1159 3676 firmare
1182 3634 1233 3690 po-

54 3714 151 3784 teris3
166 3715 244 3772 aliud
258 3715 334 3773 enim
347 3720 401 3788 est,
416 3715 448 3774 si.
465 3715 609 3786 Vergilius
628 3716 727 3789 abiete,
753 3732 827 3789 quae
843 3725 981 3791 quattuor
994 3719 1096 3780 breves
1107 3719 1235 3794 syllabae

50 3820 141 3888 sunt,
172 3816 256 3874 unius
282 3815 389 3890 dactyli
419 3818 483 3876 loco
512 3817 617 3890 posuit.
646 3816 727 3876 Vidit
750 3818 852 3878 hocL
882 3821 1049 3895 Muellerus,
1071 3822 1120 3893 qui
1141 3827 1234 3881 trans·

49 3916 209 3995 positione
230 3917 372 3994 syllabam
398 3948 430 3959 -
458 3936 490 3978 re
511 3920 543 3978 in
564 3919 623 3977 arsi
643 3919 811 3980 collocavit:

48 4088 241 4100 μ..
248 4089 318 4094 -......

154 4173 177 4235 ¹)
195 4176 226 4223 ci.
246 4173 310 4223 llus.
331 4175 412 4223 Rhon.
432 4176 464 4221 32
484 4192 507 4238 p.
526 4179 577 4225 413
597 4180 649 4224 ιιοι.

135 4261 157 4322 ²)
177 4261 331 4312 Thebaidem
349 4277 364 4310 a
383 4264 483 4325 Lyneoo
502 4268 620 4328 scriptam
635 4265 735 4325 colligit
746 4264 774 4316 Ο.
788 4265 884 4330 Haubs,
898 4267 928 4317 dc
939 4281 1015 4318 curm.
1032 4282 1070 4330 op.
1083 4283 1107 4330 p.
1122 4271 1234 4320 29-39.
