2894 5114
673 321 712 378 30
1313 388 1315 397 Ι

101 502 206 563 deleat
228 501 268 561 Et
285 518 354 563 eane
371 508 476 577 poetae
492 504 631 563 interesse
647 504 784 579 videmus,
803 509 835 564 ut
850 520 936 576 quam
950 506 1113 567 certissime
1132 507 1267 580 loquetur.
1313 486 1315 497 ¹

101 605 156 664 Hic
186 612 307 677 quaerat
336 606 488 681 quispiam,
516 623 567 666 cur
595 622 653 666 non
673 608 821 681 scripserit
841 613 929 681 poeta
953 608 1199 683 „quamquam“?
1219 609 1267 670 Sed

103 722 138 766 oa
160 709 323 767 coniunctio
344 709 459 769 omnino
482 709 559 782 apud
581 714 710 768 nostrum
732 725 790 768 non
811 710 924 782 legitur.

185 809 360 871 Indicativus
382 817 466 885 aptus
489 827 505 869 e
527 812 727 872 coniunctione
752 805 865 887 „cum“‚
895 813 942 872 cui
963 812 1001 871 ad
1021 809 1197 871 firmandam
1217 812 1265 872 vim

100 910 266 972 adverbium
309 912 438 983 „tamen“
476 913 601 986 additur,
635 915 665 973 in
698 932 724 974 v.
758 914 816 974 mb.
852 920 880 990 l,
903 916 938 973 8:
977 906 1061 990 (milti
1088 915 1189 984 saror
1217 934 1264 973 noa
1295 934 1307 963 r

100 1015 195 1092 deficit
215 1023 271 1073 toto
291 1009 388 1090 anae)
412 1035 488 1084 „cum
505 1023 600 1074 tamen
616 1016 755 1074 adversos
770 1016 977 1091 reportatura
994 1011 1078 1074 deofl
1099 1014 1147 1074 ita
1165 1020 1264 1074 tanum

100 1116 237 1190 explicari
254 1121 361 1192 potest,
375 1122 408 1176 ut
421 1117 559 1191 temporis
576 1115 813 1189 significationem
826 1117 997 1190 praevalere
1014 1117 1044 1175 in
1058 1115 1262 1190 coniunctione,

100 1231 221 1287 eamque
241 1232 294 1290 pro
315 1218 483 1290 pronomine
504 1216 636 1290 relativo,
658 1216 735 1287 quod
754 1217 899 1289 pertineat
916 1216 955 1277 ad
973 1217 1133 1277 ablativum
1157 1213 1259 1288 ,anm“
1313 1242 1315 1267 ι

100 1334 200 1378 versus
222 1318 429 1392 antecedentis,
452 1333 515 1376 esse
535 1317 673 1376 dicamus.

185 1420 242 1480 Sed
263 1420 340 1479 solus
361 1419 556 1479 coniunctivus
579 1433 693 1492 quoque
715 1435 779 1478 cnm
800 1417 967 1478 conceditur
985 1433 1040 1492 pro
1054 1418 1268 1478 coniunctivoe

100 1523 300 1582 coniunctione
325 1518 389 1593 „ut¹‘
415 1527 485 1596 apto
506 1523 627 1594 legitur:

141 1625 189 1698 IV,
216 1626 244 1701 5,
262 1628 300 1683 9:
328 1625 398 1696 „llla
420 1625 523 1699 velit,
545 1625 654 1698 poterit
672 1639 790 1696 magnes
811 1638 868 1682 non
890 1621 996 1681 ducere
1016 1618 1128 1680 ferrum
1151 1664 1158 1679 .
1185 1662 1192 1678 .
1216 1619 1230 1648 ‘⁴

141 1727 192 1804 IV,
216 1729 245 1804 5,
265 1729 303 1787 57
314 1745 321 1786 :
349 1727 420 1799 „Qui
441 1741 551 1799 versus,
574 1724 651 1784 Coae
666 1724 818 1784 dederit
833 1739 887 1783 nec
905 1738 1025 1783 munera
1041 1721 1149 1782 vestis¹⁴
1180 1717 1270 1797 (istius

204 1829 257 1888 tibi
279 1831 318 1888 sit
338 1829 425 1888 surda
446 1822 532 1901 lyra),

101 1945 185 2001 quem
209 1946 322 1990 versum
351 1928 506 1988 admodum
533 1928 664 1999 praecise
686 1926 794 1986 dictum
815 1928 856 1985 sic
877 1922 1130 1998 interpretandum
1152 1939 1271 1983 censeo:

105 2032 176 2104 „Qui
198 2037 230 2090 ut
250 2046 349 2091 versus
370 2030 492 2105 dederit,
514 2042 567 2086 nec
589 2027 702 2088 dederit
721 2043 840 2086 munera
862 2026 938 2086 Coae
959 2026 1057 2101 vestis,
1078 2026 1168 2084 istius
1194 2068 1201 2083 .
1227 2067 1234 2082 .
1258 2018 1270 2048 ⁸

530 2280 835 2293 -..--—·——-

183 2508 267 2567 Haec
297 2506 394 2581 habui,
424 2520 497 2578 quae
527 2504 563 2563 de
592 2503 741 2562 modorum
770 2521 824 2562 usu
853 2504 882 2561 in
911 2502 1067 2560 enuntiatis
1095 2500 1276 2560 secundariis

100 2609 238 2678 dicerem;
255 2613 353 2667 cetera
367 2607 571 2667 enuntiationis
587 2605 775 2664 secundariae
791 2619 898 2677 genera
916 2602 1163 2662 commemorandi
1176 2617 1274 2675 super·

98 2710 200 2771 sedere
221 2726 327 2785 operae
350 2725 415 2768 eam
436 2708 472 2767 ob
495 2723 611 2767 causam
634 2708 743 2781 putavi,
759 2706 835 2778 quod
853 2703 930 2779 apud
949 2703 1133 2777 Propertium
1154 2701 1272 2763 omnino

100 2813 171 2872 nihil
192 2812 302 2887 proprii
325 2810 471 2871 exhibent.
