2918 4942
805 406 843 464 10

241 583 338 647 futuro
356 594 493 661 sequente
513 605 657 662 nunqnam
677 607 735 650 non
755 569 915 664 perfectum
936 592 1069 664 usurpari
1090 596 1268 650 annotamus.
1308 591 1351 651 Et
1380 593 1405 652 id

243 689 357 763 quidem
393 697 482 766 recte,
516 695 541 751 si
567 692 603 752 de
626 695 734 767 optima
756 696 904 766 utriusque
925 695 1040 767 linguae
1059 709 1148 766 prosa
1169 694 1305 753 oratione
1326 711 1428 767 agas:

243 794 336 852 minus
356 800 444 869 recte,
468 811 531 854 oum
553 794 590 854 ab
609 796 739 855 omnibus
756 796 893 856 Romanis
912 788 1082 871 accuratius,
1102 811 1187 868 qoam
1204 812 1258 854 nos
1275 797 1408 870 solemus,

244 895 350 954 dictum
372 912 434 957 esse
455 898 621 958 contendas.

327 1017 388 1075 Iam
424 1019 499 1077 enim
537 1020 601 1092 ipsa
636 1021 773 1093 temporis
806 1020 881 1078 illius
915 1017 1007 1078 forma
1045 1035 1102 1079 non
1133 1017 1263 1078 omnibus
1299 1019 1409 1079 dicendi

243 1119 395 1190 generibus
429 1119 530 1180 eodem
556 1122 640 1180 modo
663 1129 707 1180 est
728 1128 797 1195 apta
819 1127 849 1181 et
870 1128 986 1195 poetam
1008 1123 1139 1196 maxime,
1161 1120 1241 1179 cuius
1264 1121 1410 1181 interdum

243 1221 373 1297 interest,
404 1228 437 1280 ut
468 1238 628 1282 sermonem
654 1223 828 1283 cotidianum
849 1226 987 1299 imitetur,
1009 1239 1149 1296 quemque
1169 1222 1304 1282 similiter
1329 1240 1410 1297 prae

244 1324 318 1383 senti
349 1340 403 1398 pro
434 1323 531 1384 futuro
554 1327 595 1384 uti
617 1325 748 1401 vidimus,
770 1325 929 1400 perlectum
951 1325 1121 1400 profuturo
1144 1331 1245 1386 exacto
1268 1343 1410 1401 usurpare

244 1442 302 1486 non
335 1426 480 1487 miramur.
518 1428 576 1487 Sed
608 1435 649 1503 ut,
684 1445 740 1501 quo
759 1430 860 1489 tendat
882 1431 985 1503 oratio,
1007 1431 1104 1488 statim
1126 1429 1228 1502 dicam,
1251 1428 1289 1488 de
1314 1430 1411 1490 ordine

245 1545 377 1589 versuum
398 1546 414 1590 e
440 1534 488 1590 10.
523 1531 590 1590 libri
611 1531 640 1590 lI
674 1533 782 1591 aviris
806 1532 898 1592 doctis
920 1531 1076 1591 dubitetur.
1100 1531 1170 1590 Cum
1192 1531 1268 1590 enim
1291 1539 1411 1604 constet

245 1649 333 1692 verse.
356 1636 373 1691 7
396 1634 474 1706 118,
508 1634 609 1706 quibus
642 1641 732 1708 poete
763 1635 843 1708 dicit,
875 1651 906 1694 se
940 1635 1016 1694 bella
1046 1640 1143 1694 aetate
1176 1634 1334 1707 posteriori
1372 1635 1413 1694 vel

250 1729 428 1812 „extrema“‚
450 1741 526 1795 nunc'
547 1745 643 1797 eutem
665 1739 793 1797 Veneres
815 1745 975 1811 cantorum,
997 1738 1071 1796 mele
1092 1753 1156 1795 oum
1174 1737 1413 1797 antecedentibus
1454 1757 1455 1760 ¹

247 1845 277 1899 et
312 1837 505 1912 sequentibus,
542 1841 644 1911 quibus
677 1842 788 1898 initium
810 1842 943 1900 carminis
965 1839 1111 1899 nobilioris
1132 1840 1220 1912 capit,
1242 1856 1413 1913 consonare,

247 1942 454 2006 Heimreichius
483 1943 547 2001 illos
580 1960 678 2002 versus
710 1945 828 2001 omnino
846 1943 991 2016 delendos
1013 1942 1121 2000 Birtius
1138 1947 1204 2015 post
1226 1957 1344 2000 versum
1368 1945 1415 2001 20.

247 2044 428 2104 collocandos
460 2045 579 2118 censuit,
616 2047 720 2118 quippe
753 2048 801 2117 qui
832 2047 937 2119 optime
973 2062 1059 2105 verss.
1093 2048 1130 2103 19
1164 2047 1264 2104 1120.
1299 2062 1415 2105 sensum

251 2148 451 2206 continuarent
471 2140 493 2223 J.

333 2267 385 2327 Cui
417 2269 600 2328 collocationi
634 2267 749 2328 obstare
777 2267 890 2326 videtur
912 2264 1068 2340 perlectum
1093 2267 1217 2340 „scripta
1239 2258 1316 2424 ef,
1341 2266 1417 2339 quod

247 2372 379 2430 nimirum
402 2372 494 2445 primo
515 2371 628 2430 obtuitu
647 2372 860 2443 interpreteris:
884 2365 1007 2445 (Kriege
1025 2368 1118 2427 werde
1132 2367 1177 2426 ich
1198 2367 1247 2425 bes
1277 2384 1349 2443 gen,
1368 2363 1416 2433 da

211 2485 212 2490 ’
247 2474 338 2533 moine
361 2473 490 2533 Geliebte
512 2465 633 2546 bereits)
657 2472 800 2545 besungen
821 2472 936 2532 worden
958 2465 1027 2535 ist‘
1046 2462 1080 2542 2).

331 2593 388 2653 Sed
411 2592 527 2653 videtur
547 2597 667 2651 tantum.
691 2591 765 2648 Nam
787 2593 811 2649 si
834 2592 966 2665 exempla
987 2589 1148 2649 huiusmodi
1165 2590 1318 2663 respicias3

289 2714 345 2772 mb.
371 2713 419 2788 17,
437 2715 492 2772 27:
517 2711 705 2784 Siquando
727 2716 837 2769 vestras
858 2710 959 2770 labeus
982 2712 1070 2770 Amor
1093 2710 1218 2781 attigit
1239 2709 1343 2783 undas,

290 2835 450 2895 Mansuetis
471 2835 549 2902 socio
571 2834 714 2907 parcite
736 2831 877 2890 litoribus.

291 2956 341 3030 lv,
366 2957 409 3031 lb,
430 2957 502 3014 139:
539 2954 615 3012 Nam
650 2954 701 3012 tibi
736 2953 878 3024 victrices,
921 2965 1104 3021 quascunque
1140 2947 1238 3007 labore
1275 2947 1419 3018 parasti

352 3058 503 3117 Eludet
524 3048 636 3130 palmas
657 3073 714 3115 uua
730 3055 830 3130 ‚puella
852 3062 916 3113 tuas

289 3179 340 3254 lv,
364 3182 390 3253 2,
408 3181 466 3238 29:
490 3222 497 3236 .
517 3223 524 3236 .
547 3194 610 3236 cum
632 3170 694 3238 111
710 3178 878 3248 imposta
900 3189 1006 3232 corona
1025 3170 1218 3232 clamabis
1240 3169 1327 3240 copiti
1351 3169 1417 3226 vina

355 3279 464 3340 subisse
485 3297 558 3354 meo,

252 3400 321 3443 sane
343 3384 414 3442 illud
439 3385 564 3459 „scripta
587 3377 661 3457 est“‚
685 3397 738 3455 pro
764 3381 891 3454 „scripta
909 3373 982 3438 erit“
1004 3383 1082 3436 stare
1101 3375 1177 3434 dices
1195 3389 1296 3447 posse3
1315 3387 1417 3431 revera

251 3492 347 3545 autem
379 3503 439 3545 rem
472 3487 514 3545 111
544 3502 575 3545 11
611 3484 718 3544 habere
752 3483 958 3542 sententiarum
980 3478 1079 3538 ordine
1100 3473 1301 3545 confirmatum
1323 3488 1417 3545 neque

251 3592 324 3650 enim
364 3594 452 3663 poeta
491 3588 568 3648 dicat
606 3588 723 3661 propria
758 3602 822 3644 curn
860 3585 976 3643 notione
1014 3579 1150 3655 perfecti:
1187 3576 1268 3636 Bella
1305 3591 1415 3634 canam,

251 3695 385 3766 quoniam
406 3691 502 3764 puella
523 3691 631 3763 scripte
652 3694 698 3748 sat
720 3695 774 3761 est,
796 3687 853 3745 nisi
875 3686 911 3745 ab
933 3685 986 3744 hoc
1008 3684 1072 3757 ipso
1094 3690 1221 3755 tempore
1237 3679 1312 3737 bella
1330 3679 1415 3750 canit,

251 3803 281 3857 et
313 3797 420 3870 optimc
452 3796 691 3866 interpretamur:
727 3790 808 3848 Bella
842 3804 941 3848 canam
970 3786 1207 3860 quando-scripta
1227 3783 1291 3855 erit,
1314 3795 1417 3840 cuma

252 3906 340 3974 poeta
361 3902 501 3958 tentatam
523 3895 637 3968 quidem
658 3895 754 3967 paullo
778 3899 864 3953 antea
887 3892 1001 3950 Musam
1023 3887 1201 3959 nobiliorem,
1233 3901 1299 3943 mox
1320 3888 1417 3942 autem

255 4005 371 4062 missam
393 4000 539 4061 videamus
558 3998 603 4056 his
624 3998 734 4057 verbis:

341 4245 360 4301 ¹)
380 4245 440 4302 Birt,
460 4241 505 4290 dae
522 4247 571 4290 ant.
591 4240 741 4288 Buchwssen
760 4253 784 4300 p.
803 4241 861 4286 417.

341 4329 362 4394 ²)
386 4331 429 4380 Sic
445 4330 551 4394 Magnus
571 4329 712 4394 ,11111111Ι
733 4324 931 4376 Worheuecbrilt
951 4323 1025 4379 1889,
1044 4319 1085 4369 Nr.
1105 4321 1147 4378 36,
1169 4317 1241 4366 1116.
