2918 4942
696 451 735 510 23

127 648 238 695 serem
266 631 395 692 editores
429 637 532 693 conma
557 638 645 706 atque
672 634 811 695 nuditum
840 642 885 695 est
913 642 964 696 aut
993 637 1140 699 eiecerunt
1168 645 1220 701 aut
1245 637 1302 700 alio

131 737 187 798 ioco
206 740 372 810 posuerunt
391 740 444 794 aut
465 735 651 795 mutilarunt:

208 857 274 917 Per
295 862 395 917 tennes
418 871 506 916 ossa
527 861 594 916 sunt
615 863 766 918 numerata
788 862 877 917 cutes.

207 976 315 1048 Neque
328 968 411 1036 satis.
427 976 490 1035 Iam
504 976 580 1036 enim
592 975 804 1051 Lachmannas,
819 991 903 1049 quem
918 993 1009 1051 nuper
1020 971 1161 1053 Birtius¹)
1179 985 1295 1041 secutus

131 1084 177 1155 ast,
197 1079 309 1139 exilio
331 1094 417 1138 versu
437 1078 489 1150 qII,
511 1079 560 1153 1³,
579 1073 632 1153 25)
653 1078 780 1153 collegit,
802 1095 927 1151 carmen,
950 1093 1007 1152 quo
1029 1078 1105 1139 idem
1121 1082 1293 1154 continetur,

131 1182 211 1242 ertio
229 1179 306 1240 libro
322 1179 543 1240 adscribendum
559 1195 635 1252 esee;
653 1197 671 1239 a
685 1186 775 1254 poeta
793 1186 853 1239 tum
869 1185 982 1238 tantum
995 1181 1038 1239 ita
1057 1180 1144 1240 scribi
1159 1182 1300 1258 potuisse,

130 1284 221 1343 siant
242 1283 274 1341 in
297 1279 475 1343 conficiendo
498 1282 585 1342 tertio
606 1281 680 1342 libro
696 1288 772 1342 esset
791 1289 842 1341 aut
859 1298 923 1342 enm
942 1283 999 1341 iam
1014 1281 1193 1342 absolvisset.
1214 1282 1300 1358 Quod

131 1391 226 1445 oonma
248 1375 392 1458 Reiscb²l
413 1384 550 1458 exemplis
567 1383 683 1444 aliunde
701 1384 797 1443 allatis
816 1382 908 1455 ,tres“
932 1383 1034 1445 eodem
1048 1400 1134 1444 sensu
1151 1400 1186 1444 ac
1207 1404 1296 1455 ,noa-

131 1486 212 1546 καθ
238 1486 492 1559 interpretandum
513 1502 575 1546 esse
597 1485 760 1559 contendit3
784 1492 880 1561 negat,
903 1503 939 1546 er
960 1487 1005 1545 his
1026 1486 1121 1546 uerbis
1141 1486 1296 1560 quidquem

132 1587 163 1648 le
181 1589 342 1662 partitione
363 1586 502 1647 librorum
526 1602 611 1661 posse
640 1587 752 1660 colligi;
781 1588 806 1646 si
835 1588 898 1659 quis
927 1589 1083 1659 colligeret,
1112 1587 1300 1648 statuendum

134 1707 198 1766 eme,
219 1689 410 1763 Propertium
431 1695 493 1748 tum
513 1689 571 1747 iam
592 1694 652 1748 tres
669 1689 758 1749 libros
779 1689 913 1749 habuisse
935 1687 1088 1749 coniectos.
1108 1689 1205 1749 Falso.
1225 1689 1300 1750 Nam

134 1809 178 1850 cur
206 1797 350 1866 politam,
389 1789 483 1861 ,rad
510 1809 573 1849 mea
602 1791 644 1849 sic
672 1811 781 1868 magna
810 1791 906 1851 dicere
934 1796 1083 1865 putemus,
1116 1790 1171 1848 nisi
1200 1795 1303 1863 postea

133 1908 277 1954 nnmerum
300 1899 412 1952 certum
427 1890 529 1952 addit?
552 1892 664 1952 Deinde
679 1894 861 1954 coniunctivo
880 1893 1112 1967 expectationem
1127 1893 1220 1952 inesse
1239 1893 1302 1965 quis

132 2011 184 2056 ron
202 1995 287 2055 videt
317 1994 450 2069 eandem,
477 2009 563 2067 quam
592 1995 706 2069 saepius
734 1995 949 2054 intelleximus?
980 1994 1197 2055 Coniunctivum
1226 1996 1302 2054 enim

138 2094 199 2167 „ait”
226 2094 456 2157 conservandum
479 2111 542 2154 esse
566 2096 705 2155 concedet
727 2099 854 2170 quisquis
875 2113 992 2156 carmen
1013 2103 1124 2156 attente
1147 2097 1250 2171 legerit
1272 2103 1303 2158 et

134 2176 297 2272 cognoverit
312 2213 371 2270 qna
388 2195 595 2269 aequabilitate
609 2201 700 2270 poeta
715 2215 782 2256 usus
796 2204 953 2272 praecepta
968 2199 1007 2258 ad
1024 2197 1108 2258 funus
1125 2199 1303 2273 pertinentia

134 2307 178 2359 rut
197 2299 384 2360 coniunctivo
405 2303 455 2358 aut
475 2297 572 2358 futuro
594 2299 741 2358 indicativi
763 2301 913 2373 exprimat.
937 2300 1010 2359 Sunt
1027 2307 1125 2361 autem
1143 2301 1299 2362 verborum

133 2398 237 2462 ornae
268 2401 344 2460 hae:
372 2401 523 2475 spatietur,
556 2406 712 2475 sternatur,
746 2401 784 2459 sit
811 2402 889 2474 nixa,
922 2401 1005 2477 desit,
1034 2403 1138 2462 adsint.
1171 2402 1301 2463 Deinde:

87 2527 89 2530 >
133 2504 262 2579 oqueris,
284 2500 385 2577 fueris,
406 2518 507 2576 pones.
532 2501 580 2576 (cf.
601 2519 630 2575 p.
656 2505 702 2563 15.
726 2503 753 2562 d.
777 2499 818 2576 n.)

213 2623 255 2681 nt
265 2638 304 2682 ne
320 2622 438 2680 nimium
455 2637 491 2680 ex
504 2623 559 2682 hac
573 2624 775 2696 expectatione
791 2622 993 2683 concludamus
1005 2621 1119 2681 videtur
1133 2622 1301 2683 cavendum.

134 2722 189 2782 lrm
211 2724 290 2782 enim
311 2723 342 2781 in
363 2722 489 2783 secundo
511 2725 668 2783 carminum
694 2724 778 2799 libro¹
798 2724 957 2792 scribendo,
993 2726 1121 2796 quamvis
1150 2726 1248 2800 sciret,
1277 2727 1302 2784 si

132 2825 185 2884 rita
217 2829 360 2897 maneret,
393 2841 492 2884 amore
526 2824 580 2884 sibi
612 2828 761 2886 materiem
792 2827 881 2885 multo
911 2827 1078 2899 ampliorem
1108 2825 1146 2884 ad
1175 2827 1303 2885 carmina

133 2924 260 2987 deiende
275 2926 375 2985 datum
390 2927 438 3001 iri,
453 2926 595 2986 modestia
614 2929 739 3000 quadam
758 2928 900 2988 adductus
918 2928 1015 2987 dicere
1032 2933 1150 3001 poterat
1161 2927 1197 2986 de
1209 2926 1301 2986 tribus

87 3019 90 3057 ¹
132 3028 240 3103 medis,
267 3034 302 3087 ut
331 3029 413 3101 quasi
442 3030 554 3089 culmen
579 3045 734 3104 summum,
766 3030 842 3103 quod
865 3047 897 3089 se
918 3045 1138 3089 conscensmnm
1161 3036 1302 3105 speraret,

133 3129 312 3206 mearet.

87 3250 90 3344 ᾗ
208 3251 268 3311 Sed
288 3249 365 3310 unde
387 3264 504 3322 egressa
526 3256 570 3308 est
591 3256 656 3310 tota
676 3250 749 3311 baec
771 3252 928 3326 sententia,
960 3256 993 3309 nt
1014 3255 1201 3322 revertamur,
1225 3249 1302 3309 desi·

132 3354 223 3430 denis,
236 3369 311 3426 quaa
325 3353 507 3424 negationem
520 3367 554 3410 co
561 3353 681 3426 atinent,
697 3354 847 3427 proprium
858 3351 1002 3425 quoddam
1015 3352 1175 3425 exemplum
1186 3350 1300 3446 addam.

208 3472 297 3533 Hand
319 3473 395 3531 enim
416 3471 477 3531 sine
508 3469 676 3542 ambagibus
698 3477 822 3543 negatur
844 3472 873 3530 in
888 3489 913 3530 v.
936 3464 1096 3544 11,4,1l2
1125 3486 1159 3541 ,a
1181 3470 1251 3530 mihi
1275 3473 1300 3530 si

130 3578 187 3649 quis
215 3575 328 3635 venerit
351 3573 425 3632 alter
446 3588 527 3632 amor
544 3573 563 3630 i.
582 3589 607 3632 e.
636 3573 762 3642 „utinam
780 3590 816 3633 ne
834 3566 974 3633 venerit“.
998 3571 1088 3632 Usum
1109 3573 1295 3649 singularem,

130 3685 155 3738 et
175 3693 243 3739 eam
265 3675 303 3736 ob
326 3691 442 3735 causam
461 3675 607 3734 mentione
630 3677 757 3750 dignam,
781 3675 858 3748 quod
879 3677 1003 3736 sermoni
1024 3679 1123 3734 nostro
1146 3674 1299 3734 vernaculo
1398 3719 1401 3723 .

128 3778 201 3840 laud
222 3776 369 3837 dissimilis
390 3781 444 3849 est,
465 3777 495 3834 in
517 3793 542 3834 v.
558 3775 609 3849 IV,
629 3778 657 3850 7,
677 3779 716 3836 30
734 3775 885 3836 videmus:
921 3775 969 3846 ,Si
997 3776 1091 3848 piguit
1106 3782 1207 3850 portas
1225 3777 1302 3835 ultra

128 3879 295 3956 mecedem,
318 3884 350 3938 at
369 3877 438 3937 illuc
457 3878 639 3937 iussisses
658 3921 665 3937 .
687 3878 776 3937 ,ire.
796 3895 827 3947 .;
851 3878 899 3950 qui
921 3877 1116 3936 coniunctione
1131 3876 1208 3936 idem
1223 3877 1301 3937 valet

216 4172 235 4230 ¹)
255 4172 307 4219 Das
326 4171 411 4220 antlia
431 4169 590 4230 Buchwasen,
603 4183 628 4230 p.
644 4171 695 4218 420
711 4173 736 4217 st
749 4170 904 4230 argumentis
920 4151 1081 4218 acarminnm
1095 4169 1299 4218 antecedentium

128 4268 212 4312 natura
230 4259 442 4320 collectisatque
459 4258 539 4305 auctis
558 4257 586 4304 in
605 4257 672 4307 Mus.
691 4257 771 4308 Rham.
793 4260 833 4314 38,
852 4273 876 4320 p.
900 4258 948 4308 199
969 4269 1022 4320 sqq.

210 4347 235 4413 Β)
254 4348 359 4401 Wiener
378 4345 487 4396 Studien
510 4346 584 4404 leit,
607 4347 631 4408 l,
648 4359 706 4413 pag.
725 4347 758 4394 94
777 4347 804 4398 ii.
1329 4294 1429 4639 1
