2894 5114
696 383 714 442 ὅ

128 594 138 633 ς
218 564 339 639 Saepius
360 567 483 640 tempori
505 568 651 642 praesenti
671 569 751 629 notio
773 566 899 628 futuri
919 569 1009 628 inest:
1062 620 1064 624 .

128 697 132 721 ÷
173 666 213 743 11,
238 670 355 742 13,16;
381 685 554 744 „possum
574 669 738 729 inimicitias
758 676 827 730 tunc
849 687 902 744 ego
924 663 1133 731 torrescunt

128 802 134 838 :
157 820 161 830 .
217 769 274 829 Hic
293 770 352 842 jam
371 772 514 844 particula
538 765 641 845 „tnnc“
666 788 733 846 pars
755 773 879 832 notionis
900 771 1025 847 loturae,
1053 787 1127 845 qnae
1149 772 1298 832 enuntiato

128 873 189 944 ,toti
211 874 295 948 inest,
317 871 502 949 significatur,
525 880 727 947 praeterquam
746 875 823 947 quod
839 891 950 935 summa
968 891 1031 933 curn
1049 875 1191 947 gravitate
1209 879 1299 948 pocta

131 971 215 1050 dicit,
250 989 280 1034 se
315 975 424 1048 aliquid
454 981 533 1035 certo
571 992 656 1050 posse
689 976 821 1049 quodque
852 977 908 1051 ipsi
942 976 1008 1036 hnic
1037 975 1125 1037 verbo
1151 976 1231 1036 notio
1261 975 1299 1036 ad

129 1073 261 1137 futurum
289 1083 400 1151 tempos
429 1084 561 1151 spectans
591 1078 741 1140 inhaerere
762 1079 852 1152 solet;
884 1078 936 1138 sed
956 1078 1078 1139 aliorum
1099 1094 1213 1152 quoque
1235 1095 1297 1139 ver·

128 1178 235 1240 borum
267 1185 398 1253 tempora
430 1182 594 1254 praesentia
631 1197 684 1255 pro
720 1179 825 1241 futuris
858 1182 987 1255 legimus,
1027 1197 1091 1240 cum
1124 1185 1212 1256 poeta
1249 1179 1299 1240 illo

128 1281 293 1342 affirmandi
315 1281 549 1355 utiturggenere:
797 1346 800 1356 ‚

173 1383 212 1459 ll,
239 1384 288 1456 15,
303 1386 359 1441 24:
385 1383 468 1458 „Nox
490 1383 544 1443 tibi
564 1383 651 1457 longa
672 1385 792 1456 venit,
814 1399 868 1443 nec
889 1382 1018 1443 reditura
1040 1376 1130 1443 dies“.

148 1485 205 1561 111,
219 1488 248 1560 5,
264 1487 318 1544 16:
332 1485 445 1557 (Victor
458 1478 687 1563 miscebitur)
704 1485 844 1561 „Consule
856 1502 920 1544 curn
932 1485 1038 1561 Mario,
1050 1490 1135 1559 capte
1146 1484 1298 1560 iugurtha,

236 1581 365 1647 sedes“
392 1591 447 1646 17:
482 1587 597 1662 „Lydus
625 1588 757 1648 Dulichio
786 1604 844 1648 ncn
866 1587 979 1647 distat
1001 1587 1123 1647 Croesus
1153 1587 1190 1646 ab
1219 1581 1298 1647 Ir0“.

159 1690 216 1765 ΙΙΙ,
242 1694 290 1765 13,
304 1692 343 1749 60
367 1685 550 1764 (Proloquar)
570 1688 760 1765 „frangitur
778 1691 841 1764 ipsa
859 1691 917 1749 suis
935 1690 1028 1749 Roma
1046 1689 1171 1764 superba
1185 1682 1297 1749 bonis“.

171 1792 212 1866 11,
237 1794 286 1867 23,
302 1794 357 1851 20:
383 1836 397 1867 „
419 1831 452 1849 ..
477 1790 588 1866 Infelix,
610 1791 695 1852 hodie
717 1793 760 1852 vir
780 1792 850 1851 mihi
870 1808 937 1853 rure
958 1785 1100 1851 venit“.

214 1894 312 1953 Facile
342 1894 411 1967 quid
441 1895 555 1954 intersit
585 1896 660 1954 inter
681 1894 763 1954 huius
784 1895 840 1956 loci
871 1901 900 1955 et
920 1894 1033 1954 illorum
1054 1909 1167 1955 sensum
1185 1892 1298 1953 intelle·

128 1999 216 2072 gitur.
236 1996 326 2055 Vates
344 1997 428 2072 enirn,
449 1998 529 2055 cuins
544 2004 656 2070 tempus
672 1995 798 2056 futurum
812 2004 958 2071 tamquam
972 2013 1110 2072 praesens
1128 1997 1297 2057 obversatur

128 2100 230 2173 nenti,
264 2115 327 2157 curn
365 2098 400 2158 de
434 2099 595 2160 mobilitate
627 2098 759 2160 fortunae
794 2099 873 2174 dicit,
902 2105 992 2174 poeta
1017 2099 1130 2160 videtur
1158 2114 1238 2170 esse;
1267 2103 1298 2157 at

128 2207 235 2276 ¹coetae
257 2207 310 2275 est,
328 2202 413 2260 etiarn
433 2203 462 2259 in
481 2201 581 2263 domos
598 2203 762 2261 mortalium
780 2204 888 2261 intrare
907 2217 1037 2274 quaeque
1056 2206 1145 2274 agunt
1164 2201 1297 2261 dicuntae

128 2303 256 2374 mitari;
294 2309 380 2375 atque
407 2305 437 2362 in
466 2321 492 2362 v.
516 2304 554 2379 ΙΙ,
577 2307 626 2378 23,
651 2307 702 2377 20,
733 2304 847 2376 quidem
868 2305 960 2363 levem
985 2304 1123 2365 sermonis
1149 2301 1297 2362 familiaris

128 2407 257 2482 speciem
289 2406 434 2479 praesenti
467 2423 520 2479 pro
552 2404 648 2465 futuro
680 2412 817 2480 usurpato
849 2405 983 2480 praeberi
1015 2407 1078 2479 quis
1110 2423 1167 2465 non
1197 2404 1297 2466 videt?

128 2511 275 2568 Praesens
298 2523 362 2566 cnm
384 2509 500 2567 notione
521 2506 609 2568 futuri
630 2509 660 2567 in
681 2526 707 2569 v.
730 2508 783 2584 ΙΙΙ,
809 2511 859 2584 21,
873 2511 929 2567 21:
951 2505 1052 2581 (cnm.
1073 2553 1080 2568 .
1100 2505 1121 2580 .)

399 2609 546 2670 Sedarit
567 2610 681 2685 placida
703 2613 767 2673 vela
787 2611 932 2686 phasellus
954 2627 1040 2687 aqua,

244 2710 327 2782 Quod
347 2718 522 2789 superest,
545 2712 700 2789 sufferte,
724 2714 822 2789 penes,
844 2719 1034 2788 properate
1055 2712 1194 2786 laborem,

128 2814 214 2875 anile
235 2814 277 2872 ita
299 2814 529 2890 explicandam
559 2817 736 2875 enuntiatum
759 2817 910 2876 relativum
934 2815 1030 2892 „qnod
1050 2807 1198 2889 superest“
1222 2813 1298 2872 inter

128 2932 290 2978 termonem
325 2917 513 2991 praecipitem
549 2918 579 2978 in
614 2935 699 2977 unam
740 2920 919 2979 concrevisse
961 2933 1061 2978 votem
1103 2914 1203 2989 (quam
1245 2930 1298 2975 nos

128 3021 290 3079 liceremus
325 3019 394 3092 „der
424 3014 539 3096 Rest“),
569 3037 688 3094 eamque
718 3021 754 3081 ob
784 3036 899 3081 causam
927 3025 1010 3080 extra
1040 3025 1200 3094 temporum
1227 3016 1298 3078 fines

128 3131 208 3184 stare
231 3121 369 3180 dicamus.

214 3223 273 3283 Sed
294 3221 470 3297 perfecti
492 3239 604 3296 quoqne
626 3227 762 3299 temporis
784 3240 921 3299 praesens
943 3227 1062 3300 suscipit
1082 3225 1176 3286 vices:

128 3334 162 3387 nt
184 3327 279 3401 repeti
301 3327 443 3385 actionem
464 3326 590 3398 aliquam
612 3326 803 3400 significetur:
826 3327 864 3402 ΙΙ,
883 3330 914 3404 8,
930 3333 965 3389 1;
991 3328 1195 3404 „Eripitnr
1216 3325 1297 3385 nobis

128 3431 188 3503 jam
220 3428 331 3502 pridem
361 3443 429 3487 cara
459 3423 572 3502 poella“
597 3428 627 3488 id
663 3435 716 3505 est,
753 3429 890 3490 cotidie
925 3430 1018 3493 denuo
1050 3447 1187 3506 queror,
1222 3427 1298 3502 quod

130 3537 233 3605 erepta
260 3536 304 3590 est
326 3531 433 3602 etjam
455 3525 566 3590 abest“.

171 3634 213 3708 II,
236 3637 265 3710 7,
284 3636 320 3692 2:
343 3633 405 3704 Qua
427 3633 570 3705 quondam
592 3634 685 3693 edicta
707 3631 807 3693 flemus
828 3640 949 3707 uterque
970 3636 1033 3708 diu3

131 3735 247 3811 deinde,
279 3743 321 3812 ut,
357 3734 432 3808 quod
465 3735 601 3808 Ladawig
632 3742 752 3796 annotat
788 3736 826 3796 ad
846 3737 932 3811 Verg.
959 3739 1011 3798 ecl.
1033 3737 1114 3813 VIII,
1136 3739 1187 3812 45,
1219 3751 1299 3795 more

131 3839 308 3899 Graecorum
339 3835 523 3914 significetur,
557 3838 700 3898 actionem
731 3854 784 3912 per
816 3854 848 3898 se
883 3838 1041 3913 perfectam
1069 3855 1186 3901 causam
1206 3842 1298 3898 statos

128 3941 294 4016 praesentis
316 3957 388 4015 esse,
410 3941 484 3999 sicut
504 3957 624 4014 graece:
653 3927 846 4016 ,τίκτουσι.“

173 4043 213 4117 Π,
237 4045 265 4118 3,
282 4044 337 4100 23:
363 4043 456 4119 „Num
477 4043 529 4103 tibi
551 4045 752 4104 nascenti..
774 4044 898 4104 sternuit
920 4059 1003 4103 ornan
1027 4035 1134 4102 Amor“

172 4146 224 4220 lv,
249 4140 291 4223 1¹³,
309 4146 380 4204 121:
406 4145 543 4223 „Umbria
563 4151 593 4205 te
613 4146 689 4206 notis
710 4144 829 4218 antiqua
850 4145 1007 4206 Penatibus
1030 4137 1133 4206 sdit“·
