2894 5114
629 392 647 448 7

39 573 131 646 quod
153 574 298 633 mentione
318 573 434 647 dignum
451 575 489 632 sit
505 573 655 647 praebeat,
672 571 832 647 perlectum
851 573 927 646 quod
944 579 1064 634 vocatur
1081 588 1219 647 praesens

41 677 176 749 vestigia
208 677 309 736 saltem
340 694 407 735 usus
437 678 547 751 proprii
579 676 703 736 exhibet.
732 677 766 736 Id
788 667 909 750 perfecti
929 693 1018 749 genus
1039 677 1162 736 maxime
1184 692 1218 736 eo

43 779 247 852 cognoscitur,
281 778 358 851 quod
388 780 531 837 actionem
565 777 715 852 significat,
751 795 825 851 qnae
856 780 983 851 quamvis
1014 779 1073 851 jam
1108 778 1219 852 pridem

37 879 186 955 perlecta
211 881 258 955 sit,
291 882 321 939 in
347 879 542 940 condicionem
565 885 673 939 certam
695 886 725 939 et
746 886 924 941 constantem
946 882 984 939 sit
1004 881 1155 955 translata,
1176 880 1219 940 ita

42 989 84 1043 ut
115 984 147 1041 in
180 989 291 1056 tempus
325 998 461 1056 praesens
492 982 609 1055 prodire
631 981 770 1042 videatur.
795 978 898 1055 Itaque
919 982 973 1042 hoc
994 988 1108 1056 tempus
1129 983 1219 1055 aptis·

42 1087 158 1145 simum
190 1091 243 1158 est,
277 1084 354 1159 quod
373 1086 437 1144 loco
459 1085 634 1144 Graecorum
655 1085 756 1144 aoristi
777 1101 861 1157 quem
883 1089 987 1146 vocant
1007 1084 1131 1157 gnomici
1152 1089 1218 1143 stet.

12 1246 15 1252 ,
42 1186 96 1246 Ut
132 1187 204 1245 enim
238 1188 361 1246 aoristns
393 1193 475 1245 extra
510 1193 670 1259 temporum
694 1185 765 1246 fines
786 1192 845 1245 stat
866 1192 896 1246 et
916 1169 1139 1248 actionem‘sine
1160 1187 1219 1245 nlla

45 1291 193 1362 temporis
225 1287 433 1360 significatione
465 1290 507 1347 ita
536 1295 644 1363 narrat,
666 1295 698 1347 nt
720 1305 783 1349 eam
807 1290 936 1349 omnibus
959 1290 1135 1364 temporibus
1156 1287 1219 1349 fieri

44 1408 141 1466 posse
168 1397 309 1465 putemus,
330 1378 373 1450 ita
394 1392 587 1451 Romanorum
608 1391 765 1466 perfectum
786 1394 888 1452 saltem
910 1392 966 1453 duo
988 1398 1118 1466 tempora
1142 1407 1219 1450 com-

46 1495 202 1568 plectitur,
226 1500 338 1567 tempus
352 1493 510 1567 perfectum
529 1501 559 1553 et
575 1501 687 1569 tempus
705 1512 850 1569 praesens.
873 1494 1005 1555 Ceterum
1020 1512 1077 1554 non
1094 1511 1220 1568 possum,

49 1597 125 1668 quin
146 1594 269 1669 perfecti
287 1597 479 1669 experientiae
497 1599 643 1656 notionem
657 1599 809 1671 plurimum
830 1598 867 1657 ad
886 1599 964 1656 illam
982 1597 1105 1669 gnomioi
1120 1596 1221 1655 aoristi

47 1697 294 1771 significationem
303 1698 509 1771 assequendam
517 1701 675 1758 existimem
683 1699 814 1758 valuisse.
824 1699 1097 1772 ApudPropertinm
1106 1697 1220 1769 quidem

48 1803 132 1860 inter
156 1802 303 1859 enuntiata
325 1818 402 1860 mere
424 1803 554 1873 gnomica
576 1808 605 1860 et
622 1802 828 1874 experientiam
845 1798 1036 1872 significantia
1052 1801 1100 1859 vix
1113 1801 1221 1873 poterit

54 1904 214 1963 discrimen
235 1901 313 1974 fieri3

75 2005 136 2066 mb.
163 2007 287 2078 12,15:
314 2003 422 2078 „Felix
445 2005 492 2074 qui
513 2005 642 2077 potuit
662 2006 807 2077 praesenti
828 2002 898 2063 flere
919 1998 1049 2077 puellae“

99 2108 140 2181 II,
167 2108 217 2178 15,
230 2109 286 2165 51:
312 2108 372 2181 „Ac
393 2106 480 2165 veluti
501 2105 570 2165 folia
592 2109 699 2166 arentis
721 2108 850 2178 liquere
872 2099 1011 2165 corollas“

83 2209 142 2281 llI,
171 2212 220 2282 11,
234 2211 269 2266 6:
296 2207 484 2282 ,Vulneribus
507 2208 632 2267 didicit
653 2210 733 2267 miles
755 2209 861 2266 habere
883 2202 1007 2267 metnm¹‘

141 2311 238 2382 Magis
273 2312 302 2368 in
334 2309 479 2382 proverbii
512 2326 619 2368 morem
647 2310 701 2368 hoc
730 2311 907 2368 enuntiatum
933 2316 987 2383 est,
1013 2310 1043 2366 in
1075 2322 1131 2379 quo
1153 2321 1220 2364 con·

10 2396 24 2410 ⁵
55 2414 202 2472 iunetivus
223 2411 343 2486 perfecti
364 2412 484 2483 legitur:
506 2411 545 2484 ΙΙ,
571 2418 597 2485 l,
620 2414 675 2470 66:
707 2405 784 2486 (Hoc
805 2414 891 2488 siquis
914 2411 1009 2469 vitium
1029 2409 1135 2487 poterit
1154 2407 1224 2475 acidi

246 2717 348 2792 „Delia
369 2718 503 2789 virgineis
526 2716 601 2776 idem
623 2718 671 2776 ille
692 2718 886 2790 repleverit
907 2709 1044 2776 umbris“.

144 2819 223 2890 Quae
259 2821 410 2891 sententia,
447 2816 604 2891 perfectum
642 2835 704 2877 cum
736 2820 852 2878 notione
884 2819 1043 2892 praesentis
1071 2823 1222 2890 postquam

56 2922 141 2980 initio
168 2927 279 2978 tantum
310 2921 517 2993 experientiam
545 2936 647 2992 magno
681 2921 819 2993 temporis
847 2921 942 2994 spatio
963 2921 1114 2994 probatam
1136 2915 1223 2987 signi-

56 3023 197 3096 ficaverit,
231 3023 379 3095 paullatim
414 3023 443 3080 in
479 3023 579 3081 aoristi
613 3024 736 3093 gnomici
771 3039 882 3081 sensum
917 3023 1031 3097 abiisse,
1061 3018 1224 3080 confirmari

55 3128 146 3189 etiam
182 3125 294 3183 videtur
318 3125 442 3197 Vergili
463 3125 620 3198 Georgicis,
656 3141 776 3197 qnorum
813 3125 943 3198 exempla
975 3141 1039 3183 cum
1076 3122 1224 3196 aptissima

56 3229 225 3288 viderentur
246 3226 283 3284 ad
306 3228 549 3300 comparationem
572 3228 676 3301 quippe
694 3243 768 3299 qnae
786 3245 832 3286 res
847 3234 931 3287 notas
946 3234 975 3286 et
992 3228 1068 3286 inter
1083 3225 1224 3298 agricolas

55 3329 213 3392 admodum
236 3330 321 3388 tritas
343 3329 500 3402 traderent,
525 3332 626 3402 collegi
649 3331 750 3388 omnia.

102 3433 136 3491 G.
161 3433 185 3507 1,
208 3434 267 3490 49:
290 3433 339 3490 illa
360 3448 443 3504 seges
465 3432 577 3490 demum
599 3434 672 3492 votis
693 3431 846 3506 respondet
867 3430 947 3489 avari
969 3430 1122 3503 Agricolae
1140 3473 1147 3487 .
1166 3472 1173 3485 .
1191 3471 1197 3484 .
1218 3470 1223 3484 .

164 3535 242 3592 Illius
263 3535 418 3593 immensae
440 3540 624 3607 ruperunt
647 3534 751 3595 horrea
772 3550 889 3594 messes.

103 3639 179 3695 181:
211 3636 330 3708 exiguus
364 3653 425 3695 mus
454 3639 569 3710 posuit
605 3637 704 3697 domos
733 3643 821 3709 atque
854 3635 959 3696 horrea
988 3633 1069 3703 fecit3
1096 3628 1225 3689 similiter

164 3741 225 3799 330
247 3754 309 3810 sqq.
332 3739 370 3813 II,
397 3744 473 3809 1413
507 3740 587 3810 4443
622 3743 701 3811 4903
736 3741 816 3809 5103
850 3741 927 3810 5133
958 3737 1011 3811 III,
1041 3736 1114 3806 2463
1150 3732 1224 3801 2833
1302 3813 1305 3818 Ι

165 3844 241 3912 378;
264 3844 334 3899 417.

142 3944 188 4002 De
219 3943 272 4017 his,
307 3959 380 4015 quae
406 3943 499 4001 adhuc
520 3941 583 4000 dixi
600 3941 735 4016 perfectis
757 3942 830 4017 Lepi
841 3935 863 4012 1)
885 3941 1067 4013 sententiam,
1102 3936 1151 4008 qni
1170 3934 1226 3992 illis

52 4047 130 4108 locis
158 4043 316 4120 perfectum
345 4061 423 4105 mere
445 4046 606 4117 gnomicum
627 4045 756 4106 exhiberi
775 4051 873 4121 negat,
895 4061 978 4106 nemo
998 4061 1055 4104 non
1076 4039 1225 4117 prohabiti

152 4305 173 4364 ¹)
192 4304 250 4364 Lep,
270 4302 301 4352 de
319 4315 365 4351 ιιιιι
385 4307 479 4365 tempp.
499 4291 647 4364 Vergiliano
666 4304 754 4368 (progr.
774 4302 931 4360 Saarbrilclx.)
953 4304 1027 4351 1817.
